% This file was created with JabRef 2.10.
% Encoding: Cp1252


@String { acmse         = {Proc. ACM Southeast Reg. Conf.} }
@String { acom          = {Proc. Int. Wkshp. Assess. Contemp. Modulariz. Techn.} }
@String { acsc          = {Proc. Australasian Comp. Sci. Conf.} }
@String { adma          = {Proc. Int. Conf. Adv. Data Mining Appl.} }
@String { ads           = {Advances Database Syst.} }
@String { ai            = {Artif. Intell.} }
@String { aic           = {Advances Comput.} }
@String { aicom         = {Ai Commun.} }
@String { aij           = {Artif. Intell. J.} }
@String { ainaw         = {Wkshp. Proc. Int. Conf. Adv. Info. Netw. Appl.} }
@String { ajcai         = {Proc. Austral. Joint Conf. Artif. Intell.} }
@String { ajp           = {Amer. J. Psychol.} }
@String { ajs           = {Amer. J. Sociol.} }
@String { alenex        = {Proc. Int. Symp. Algorithm Eng. Experiment.} }
@String { algorithmica  = {Algorithmica} }
@String { ams           = {Annals Math. Stat.} }
@String { annse         = {Annals Softw. Eng.} }
@String { aop           = {Proc. Int. Wkshp. Aspect-Oriented Progr.} }
@String { aosd          = {Proc. Int. Conf. Aspect-Oriented Softw. Dev.} }
@String { apsec         = {Proc. Asia--Pacific Softw. Eng. Conf.} }
@String { ase           = {Proc. IEEE/ACM Int. Conf. Autom. Softw. Eng.} }
@String { asian         = {Proc. Asian Comput. Sci. Conf.} }
@String { asoc          = {Proc. Adv. Separation Concerns Wkshp.} }
@String { asset         = {Proc. IEEE Symp. Appl.-Specif. Syst. Softw. Eng. Technol.} }
@String { aswec         = {Proc. Austral. Softw. Eng. Conf.} }
@String { atttj         = {AT\&T Techn. J.} }
@String { aviic         = {Proc. Int. Conf. Adv. Visual Interfaces} }
@String { aviwc         = {Proc. Working Conf. Adv. Visual Interfaces} }
@String { bb            = {Biometrics Bull.} }
@String { bib           = {Brief. Bioinform.} }
@String { bioessays     = {BioEssays} }
@String { bioscience    = {BioScience} }
@String { cacm          = {Commun. ACM} }
@String { cascon        = {Proc. IBM Conf. Centre Adv. Stud. Collab. Res.} }
@String { cbr           = {Proc. Int. Conf. Case-Based Reasoning} }
@String { cbsoft        = {Proc. Brazilian Conf. Softw. Theory Pract.} }
@String { cc            = {Proc. ACM SIGCHI Conf. Creativ. Cognit.} }
@String { cccsse        = {Proc. Canad. Conf. Comp. Sci. Softw. Eng.} }
@String { ccece         = {Proc. Canad. Conf. Electr. Comput. Eng.} }
@String { cec           = {Proc. ACM Conf. Electr. Commerce} }
@String { chase         = {Proc. Int. Wkshp. Coop. Human Aspects Softw. Eng.} }
@String { chi           = {Proc. ACM SIGCHI Conf. Human Factors Comput. Syst.} }
@String { cikm          = {Proc. Int. Conf. Info. Knowl. Mgmt.} }
@String { codes+isss    = {Proc. IEEE/ACM/IFIP Int. Conf. Hardw. Softw. Codesign Syst. Synth.} }
@String { compintel     = {Comput. Intell.} }
@String { compsac       = {Proc. IEEE Int. Comp. Softw. Appl. Conf.} }
@String { computer      = {Computer} }
@String { conphys       = {Contemp. Phys.} }
@String { cpaior        = {Proc. Int. Conf. Integr. AI OR Techniques Constraint Progr. Combin. Optim. Probs.} }
@String { csac          = {Proc. Int. Wkshp. Comp. Support. Activ. Coord.} }
@String { cscw          = {Proc. ACM Conf. Comput. Support. Coop. Work} }
@String { cscwjcc       = {Comput. Supported Coop. Work} }
@String { csm           = {Proc. Conf. Softw. Maintenance} }
@String { csmr          = {Proc. Europ. Conf. Softw. Mainten. Reeng.} }
@String { csrev         = {Comp. Sci. Rev.} }
@String { csss          = {Proc. ACM SIGPLAN Wkshp. Compiler Support Syst. Softw.} }
@String { csur          = {ACM Comput. Surv.} }
@String { cuai          = {Proc. Conf. Uncertainty Artif. Intell.} }
@String { cviu          = {Comp. Vis. Image Understand.} }
@String { dam           = {Discrete Appl. Math.} }
@String { dasfaa        = {Proc. Int. Conf. Database Syst. Adv. Appl.} }
@String { ddj           = {Dr. Dobb's J.} }
@String { dma           = {Discrete Math. Appl.} }
@String { dmkd          = {Data Min. Knowl. Discov.} }
@String { ecbs          = {Proc. IEEE Conf. Eng. Comput.-Based Syst.} }
@String { eceasst       = {Electr. Commun. EASST} }
@String { ecml          = {Proc. Europ. Conf. Machine Learning} }
@String { ecoop         = {Proc. Europ. Conf. Object-Oriented Progr.} }
@String { ecoop_oopsla  = {Proc. Europ. Conf. Object-Oriented Progr./ACM SIGPLAN Conf. Object-Oriented Progr. Syst. Lang. Appl.} }
@String { ecoopw        = {Wkshp. Reader Europ. Conf. Object-Oriented Progr.} }
@String { eit           = {Proc. IEEE Int. Conf. Electro/Info. Techn.} }
@String { enase         = {Proc. Int. Conf. Eval. Novel Approaches Softw. Eng.} }
@String { entcs         = {Electr. Notes Theor. Comp. Sci.} }
@String { epjb          = {Eur. Phys. J. B} }
@String { esa           = {Proc. Europ. Symp. Algor.} }
@String { ese           = {Empir. Softw. Eng.} }
@String { esec_fse      = {Proc. Europ. Softw. Eng. Conf./ACM SIGSOFT Int. Symp. Foundations Softw. Eng.} }
@String { esem          = {Proc. Int. Symp. Empiric. Softw. Eng. Measure.} }
@String { esop          = {Proc. Europ. Symp. Progr.} }
@String { esp           = {Proc. Wkshp. Empir. Stud. Programmers} }
@String { esug          = {Proc. Europ. Smalltalk User Group} }
@String { etx           = {Proc. Eclipse Technol. eXchange} }
@String { euromicro     = {Proc. EUROMICRO Conf. Softw. Eng. Adv. Appl.} }
@String { europhyslett  = {Europhys. Lett.} }
@String { evocop        = {Proc. Europ. Conf. Evol. Comput. Combin. Optim.} }
@String { ewsa          = {Proc. Europ. Wkshp. Softw. Arch.} }
@String { ewspt         = {Proc. Europ. Wkshp. Softw. Process Technol.} }
@String { fase          = {Proc. Int. Conf. Fundamental Approaches Softw. Eng.} }
@String { fatesrv       = {Rev. Papers Int. Wkshp. Formal Appr. Softw. Test. Runtime Verif.} }
@String { fcds          = {Foundations Comput. Decision Sci.} }
@String { fdo           = {Proc. ACM Wkshp. Feedback-Directed Optimiz.} }
@String { ffse          = {Proc. Wkshp. Formal Foundations Softw. Evol.} }
@String { fose          = {Proc. Future Softw. Eng.} }
@String { foser         = {Proc. FSE/SDP Wkshp. Future Softw. Eng. Res.} }
@String { fosm          = {Proc. Frontiers Softw. Mainten.} }
@String { fqas          = {Proc. Int. Conf. Flexible Query Answering Syst.} }
@String { fse           = {Proc. ACM SIGSOFT Int. Symp. Foundations Softw. Eng.} }
@String { gbrpr         = {Proc. IAPR-TC-15 Int. Wkshp. Graph-Based Repres. Pattern Recog.} }
@String { gcms          = {Proc. Conf. Grand Challenges Model. Simul.} }
@String { gi            = {Proc. Graph. Interf.} }
@String { gimm          = {Proc. Int. Wkshp. Global Integrated Model Mgmt.} }
@String { gpce          = {Proc. Int. Conf. Generative Progr. Component Eng.} }
@String { group         = {Proc. ACM SIGGROUP Int. Conf. Support. Group Work} }
@String { hase          = {Proc. IEEE Int. High-Assurance Systems Eng. Symp.} }
@String { hicss         = {Proc. Hawaii Int. Conf. Syst. Sci.} }
@String { hopl          = {Proc. ACM SIGPLAN Conf. History Progr. Lang.} }
@String { hpcs          = {Proc. Int. Conf. High Perform. Comput. Simul.} }
@String { ibmsj         = {IBM Syst. J.} }
@String { iccbss        = {Proc. IEEE Int. Conf. COTS-Based Softw. Syst.} }
@String { iccd          = {Proc. IEEE Int. Conf. Comput. Design} }
@String { iccit         = {Proc. IEEE Int. Conf. Comp. Info. Technol.} }
@String { iccsa         = {Proc. Int. Conf. Comput. Sci. Appl.} }
@String { iccsse        = {Proc. Int. Conf. Comp. Sci. Softw. Eng.} }
@String { iceud         = {Proc. Int. Conf. End-User Devel.} }
@String { icfem         = {Proc. Int. Conf. Formal Eng. Methods} }
@String { icicic        = {Proc. Int. Conf. Innovative Comput. Info. Control} }
@String { icml          = {Proc. Int. Conf. Mach. Learning} }
@String { icoss         = {Proc. IFIP Int. Conf. Open Source Syst.} }
@String { icpc          = {Proc. IEEE Int. Conf. Program Comprehen.} }
@String { icse          = {Proc. ACM/IEEE Int. Conf. Softw. Eng.} }
@String { icsecompanion = {Companion Int. Conf. Softw. Eng.} }
@String { icsm          = {Proc. IEEE Int. Conf. Softw. Mainten.} }
@String { icsq          = {Proc. Int. Conf. Softw. Qual.} }
@String { icsr          = {Proc. Int. Conf. Softw. Reuse} }
@String { ictke         = {Proc. Int. Conf. ICT Knowl. Eng.} }
@String { ictp          = {Proc. Int. Conf. Tests Proofs} }
@String { ideal         = {Proc. Int. Conf. Intell. Data Eng. Automat. Learn.} }
@String { iea_aie       = {Proc. Int. Conf. Industr. Eng. Other Appl. Appl. Intell. Syst.} }
@String { ieee          = {Proc. IEEE} }
@String { ietsoft       = {IET Softw.} }
@String { ifip          = {IFIP Int. Fed. Info. Process.} }
@String { ifipc         = {Proc. IFIP World Congress} }
@String { ijamt         = {Int. J. Adv. Manufact. Technol.} }
@String { ijase         = {Automat. Softw. Eng.} }
@String { ijis          = {Int. J. Info. Sec.} }
@String { ijmms         = {Int. J. Man--Machine Studies} }
@String { ijrr          = {Int. J. Robot. Res.} }
@String { infocon       = {Info. Control} }
@String { informatica   = {Informatica} }
@String { infosci       = {Info. Sci.} }
@String { infosyst      = {Info. Syst.} }
@String { interact      = {Proc. IFIP TC13 Int. Conf. Human--Comput. Interact.} }
@String { ipdps         = {Proc. IEEE Int. Parall. Distrib. Process. Symp.} }
@String { ipl           = {Info. Process. Lett.} }
@String { ipm           = {Info. Process. Manage.} }
@String { iri           = {Proc. IEEE Int. Conf. Info. Reuse Integr.} }
@String { isec          = {Proc. India Softw. Eng. Conf.} }
@String { isese         = {Proc. Int. Symp. Empir. Softw. Eng.} }
@String { iseud         = {Proc. Int. Symp. End-User Devel.} }
@String { isf           = {Info. Syst. Frontiers} }
@String { isoortdc      = {Proc. Int. Symp. Object-Oriented Real-Time Distr. Comput.} }
@String { isr           = {Int. Statistical Rev.} }
@String { issre         = {Proc. Int. Symp. Softw. Reliab. Eng.} }
@String { issta         = {Proc. ACM SIGSOFT Int. Symp. Softw. Test. Analys.} }
@String { ist           = {Inf. Softw. Technol.} }
@String { itpro         = {IT Profess.} }
@String { itwp          = {Rev. Selected Papers IJCAI Wkshp. Intell. Techn. Web Personaliz.} }
@String { iui           = {Proc. Int. Conf. Intell. User Interfaces} }
@String { ivc           = {Image Vision Comput.} }
@String { iwcase        = {Proc. Int. Wkshp. Computer-Aided Softw. Eng.} }
@String { iwmcp         = {Proc. Int. Wkshp. Model Compar. Pract.} }
@String { iwpc          = {Proc. IEEE Int. Wkshp. Progr. Comprehen.} }
@String { iwpse         = {Proc. ACM Int. Wkshp. Princip. Softw. Evol.} }
@String { iwpse_evol    = {Proc. Joint ACM Int. Wkshp. Princip. Softw. Evol./ERCIM Wkshp. Softw. Evol.} }
@String { iwsc          = {Proc. Int. Wkshp. Softw. Clones} }
@String { iwsr          = {Selected Papers Int. Wkshp. Softw. Reusabil.} }
@String { iwssd         = {Proc. Int. Wkshp. Softw. Specif. Design} }
@String { jacm          = {J. ACM} }
@String { jai           = {J. Appl. Intell.} }
@String { jasa          = {J. Am. Stat. Assoc.} }
@String { jasist        = {J. Am. Soc. Inf. Sci. Technol.} }
@String { jcd           = {J. Chronic Diseases} }
@String { jcmc          = {J. Comp. Mediated Commun.} }
@String { jcs           = {J. Cell Sci.} }
@String { jcss          = {J. Comp. Syst. Sci.} }
@String { jetai         = {J. Exp. Theor. Artif. Intell.} }
@String { jilp          = {J. Instruction-Level Parallelism} }
@String { jips          = {J. Info. Proc. Syst.} }
@String { jmir          = {J. Med. Internet Res.} }
@String { joop          = {J. Object-Oriented Program.} }
@String { jrss          = {J. Royal Stat. Soc.} }
@String { jrssb         = {J. Royal Stat. Soc. Ser. B (Methodol.)} }
@String { jru           = {J. Risk Uncertainty} }
@String { jsea          = {J. Softw. Eng. Appl.} }
@String { jsmerp        = {J. Softw. Mainten. Evol. Res. Pract.} }
@String { jsmrp         = {J. Softw. Mainten. Res. Pract.} }
@String { jsp           = {J. Stat. Phys.} }
@String { jss           = {J. Syst. Softw.} }
@String { jsw           = {J. Softw.} }
@String { jvlc          = {J. Vis. Lang. Comput.} }
@String { kcsd          = {Proc. Int. Wkshp. Support. Knowl. Collab. Softw. Devel.} }
@String { kdd           = {Proc. ACM SIGKDD Int. Conf. Knowl. Discov. Data Min.} }
@String { ktp           = {Knowl. Technol. Policy} }
@String { lmo           = {Actes journ. Lang. Mod{\`e}l. Objets} }
@String { lncs          = {Lect. Notes Comp. Sci.} }
@String { loplas        = {ACM Lett. Program. Lang. Syst.} }
@String { machintel     = {Mach. Intell.} }
@String { machlearn     = {Mach. Learn.} }
@String { macs          = {Proc. Wkshp. Model. Analys. Concerns Softw.} }
@String { mansci        = {Manage. Sci.} }
@String { maple         = {Proc. Maple Conf.} }
@String { mdsoc         = {Proc. Wkshp. Multi-dimen. Separation Concerns} }
@String { metrics       = {Proc. IEEE Int. Symp. Softw. Metrics} }
@String { misq          = {MIS Quarterly} }
@String { models        = {Proc. Int. Conf. Model-Driven Eng. Lang. Syst.} }
@String { msrw          = {Proc. Int. Wkshp. Mining Softw. Repos.} }
@String { msrwc         = {Proc. Int. Working Conf. Mining Softw. Repos.} }
@String { mt            = {Methods \& Tools} }
@String { nature        = {Nature} }
@String { netmath       = {Internet Math.} }
@String { oopsla        = {Proc. ACM SIGPLAN Conf. Object-Oriented Progr. Syst. Lang. Appl.} }
@String { oopslaadd     = {Addendum ACM SIGPLAN Conf. Object-Oriented Progr. Syst. Lang. Appl.} }
@String { oopslacomp    = {Companion ACM SIGPLAN Conf. Obj.-Oriented Progr. Syst. Lang. Appl.} }
@String { oorase        = {Proc. Wkshp. Object-Oriented Reflect. Softw. Eng.} }
@String { oose          = {Proc. Wkshp. Open Source Softw. Eng.} }
@String { or            = {Online Rev.} }
@String { ossd          = {Proc. Wkshp. Open Source Softw. Devel.} }
@String { ozchi         = {Proc. Austral. Conf. Comput.--Human Interact.} }
@String { paps          = {Proc. Amer. Phil. Soc.} }
@String { paste         = {Proc. ACM SIGPLAN--SIGSOFT Wkshp. Progr. Analysis Softw. Tools Eng.} }
@String { patreclet     = {Pattern Recog. Lett.} }
@String { patrecog      = {Pattern Recog.} }
@String { pcs           = {Program. Comput. Softw.} }
@String { pdcat         = {Proc. Int. Conf. Parallel Distrib. Comput. Appl. Technol.} }
@String { pfe           = {Revised Papers Int. Wkshp. Softw. Product-Family Eng.} }
@String { philsci       = {Phil. Science} }
@String { physicaa      = {Physica A: Stat. Mech. Appl.} }
@String { physreve      = {Phys. Rev. E} }
@String { pldi          = {Proc. ACM SIGPLAN Conf. Progr. Lang. Des. Impl.} }
@String { pmihas        = {Publ. Math. Inst. Hung. Acad. Sci.} }
@String { pnas          = {Proc. Nat. Acad. Sci.} }
@String { pods          = {Proc. ACM SIGMOD--SIGACT--SIGART Symp. Princip. Database Syst.} }
@String { popl          = {Proc. ACM SIGPLAN Conf. Princip. Progr. Lang.} }
@String { ppcp          = {Proc. Int. Conf. Princip. Pract. Constraint Progr.} }
@String { pppj          = {Proc. Int. Symp. Princip. Pract. Progr. Java} }
@String { prl           = {Phys. Rev. Lett.} }
@String { profes        = {Proc. Int. Conf. Product Focused Softw. Process Improve.} }
@String { promise       = {Proc. Int. Wkshp. Predictor Models Softw. Eng.} }
@String { pse           = {Proc. ACM Int. Wkshp. Princip. Softw. Evol./ERCIM Wkshp. Softw. Evol.} }
@String { psi           = {Proc. Int. Conf. Perspectives Syst. Informat.} }
@String { ptdoosm       = {Proc. Wkshp. Pragmat. Theoret. Direct. Obj.-Oriented Softw. Metrics} }
@String { ptrsl         = {Philosoph. Trans. Royal Soc. London, Series A} }
@String { qje           = {Quarterly J. Econ.} }
@String { qosa          = {Proc. ACM SIGSOFT Int. Conf. Qual. Softw. Arch.} }
@String { qosa_isarcs   = {Proc. ACM SIGSOFT Conf. Qual. Softw. Arch./Int. Symp. Arch. Critical Syst.} }
@String { qq            = {Qual. \& Quant.} }
@String { qs            = {Qualitat. Sociol.} }
@String { queue         = {Queue} }
@String { raise         = {Proc. Int. Wkshp. Realizing Artif. Intell. Synergies Softw. Eng.} }
@String { rcis          = {Proc. Int. Conf. Research Challenges Info. Sci.} }
@String { re            = {Proc. IEEE Int. Req. Eng. Conf.} }
@String { recsys        = {Proc. ACM Conf. Recomm. Syst.} }
@String { rmp           = {Rev. Mod. Phys.} }
@String { rsse          = {Proc. Int. Wkshp. Recommend. Syst. Softw. Eng.} }
@String { rta           = {Proc. Int. Conf. Rewriting Techn. Appl.} }
@String { rue           = {Proc. Wkshp. Recomm. Utility Eval.} }
@String { sac           = {Proc. ACM Symp. Appl. Comput.} }
@String { sc            = {Proc. Int. Conf. Softw. Composit.} }
@String { scam          = {Proc. IEEE Int. Wkshp. Source Code Analys. Manipul.} }
@String { sci           = {Studies Comput. Intell.} }
@String { science       = {Science} }
@String { scm           = {Proc. Int. Wkshp. Softw. Config. Mgmt.} }
@String { scs           = {Proc. Symp. Simul. Comp. Syst.} }
@String { scsc          = {Proc. Summer Comp. Simul. Conf.} }
@String { sde           = {Proc. ACM SIGSOFT/SIGPLAN Symp. Pract. Softw. Dev. Environ.} }
@String { seaa          = {Proc. EUROMICRO Conf. Softw. Eng. Adv. Appl.} }
@String { sej           = {Softw. Eng. J.} }
@String { seke          = {Proc. Int. Conf. Softw. Eng. Knowl. Eng.} }
@String { sen           = {SIGSOFT Softw. Eng. Notes} }
@String { sess          = {Proc. IEEE Int. Conf. Softw. Eng. Service Sci.} }
@String { shark         = {Proc. Int. Wkshp. Sharing Reusing Arch. Knowl.} }
@String { siam          = {SIAM Rev.} }
@String { sigcse        = {Proc. ACM SIGCSE Techn. Symp. Comp. Sci. Educ.} }
@String { siggraphv     = {Visual Proc. ACM SIGGRAPH Int. Conf. Comp. Graph. Interact. Techn.} }
@String { sigir         = {Proc. ACM SIGIR Int. Conf. R\&D Info. Retrieval} }
@String { sigkddex      = {SIGKDD Explor.} }
@String { sigmod        = {Proc. ACM SIGMOD Int. Conf. Mgmt. Data} }
@String { simbad        = {Proc. Int. Conf. Similar. Based Pattern Recog.} }
@String { simgam        = {Simul. \& Gaming} }
@String { simutools     = {Proc. ICST Int. Conf. Simul. Tools Techn.} }
@String { skigraph      = {Proc. Western Comput. Graph. Symp.} }
@String { snpd_sawn     = {Proc. Int. Conf. Softw. Eng. Artif. Intell. Netw. Parallel/Distr.Comput/ACIS Int. Wkshp. Self-Assembling Wireless Netw.} }
@String { socnet        = {Social Netw.} }
@String { softcomp      = {Soft Comput.} }
@String { softviz       = {Proc. ACM Symp. Softw. Visualiz.} }
@String { software      = {IEEE Softw.} }
@String { sosp          = {Proc. ACM SIGOPS Symp. Operat. Syst. Princip.} }
@String { sosym         = {Softw. Syst. Model.} }
@String { sp            = {Proc. IEEE Symp. Secur. Priv.} }
@String { spe           = {Softw. Pract. Exper.} }
@String { spice         = {Proc. Int. Conf. Softw. Process Improv. Capab. Determin.} }
@String { spin          = {Proc. Int. Conf. Model Checking Softw.} }
@String { splat         = {Proc. Wkshp. Softw. Eng. Princip. Lang. Aspect Technol.} }
@String { sqj           = {Softw. Qual. J.} }
@String { ssr           = {Proc. ACM Symp. Softw. Reusabil.} }
@String { ssspr         = {Proc. Joint IAPR Int. Wkshp. Struct. Syntac. Statist. Pattern Recog.} }
@String { sste          = {Proc. IEEE Int. Conf. Softw. Sci. Technol. Eng.} }
@String { stc           = {Wkshp. Socio-techn. Congruence} }
@String { step          = {Proc. IEEE Int. Wkshp. Softw. Technol. Pract.} }
@String { stoc          = {Proc. ACM Symp. Theory Comput.} }
@String { sttt          = {Int. J. Softw. Tools Technol. Transfer} }
@String { stvv          = {Proc. Int. Conf. Softw. Test. Verif. Valid.} }
@String { suite         = {Proc. Wkshp. Search-Driven Devel. Users Infrastr. Tools Eval.} }
@String { syrcose       = {Proc. Spring Young Res. Colloq. Softw. Eng.} }
@String { taicpart      = {Proc. Test. Acad. Industr. Conf. Practice Res. Techn.} }
@String { tams          = {Trans. Amer. Math. Soc.} }
@String { tkde          = {IEEE Trans. Knowl. Data Eng.} }
@String { tnn           = {IEEE Trans. Neural Netw.} }
@String { tochi         = {ACM Trans. Comput.-Hum. Interact.} }
@String { tois          = {ACM Trans. Info. Syst.} }
@String { tools         = {Proc. Int. Conf. Technol. Object-Oriented Lang. Syst.} }
@String { toplas        = {ACM Trans. Progr. Lang. Syst.} }
@String { tosem         = {ACM Trans. Softw. Eng. Methodol.} }
@String { tpami         = {IEEE Trans. Pattern Analys. Mach. Intell.} }
@String { trse          = {Trans. Royal Soc. Edinburgh} }
@String { tse           = {IEEE Trans. Softw. Eng.} }
@String { tvcg          = {IEEE Trans. Visual. Comput. Graphics} }
@String { uist          = {Proc. ACM Symp. User Interface Softw. Technol.} }
@String { um            = {Proc. Int. Conf. User Model.} }
@String { umapw         = {Rev. Wkshp. Papers Int. Conf. Adv. User Model.} }
@String { umuai         = {User Model. User-Adapted Interact.} }
@String { upgrade       = {CEPIS UPGRADE} }
@String { usenixatc     = {Proc. USENIX Annual Technical Conf.} }
@String { usenixcpp     = {Proc. USENIX C++ Technical Conf.} }
@String { usenixwtc     = {Proc. USENIX Winter Technical Conf.} }
@String { vissoft       = {Proc. IEEE Int. Wkshp. Visualiz. Softw. Understand. Analys.} }
@String { vldbj         = {VLDB J.} }
@String { vlhcc         = {Proc. IEEE Symp. Visual Lang. Human-Centric Comput.} }
@String { ware          = {Proc. Wkshp. Aspect Rev. Eng.} }
@String { wcre          = {Proc. Working Conf. Reverse Eng.} }
@String { wcsa          = {Proc. IEEE/IFIP Work. Conf. Softw. Arch.} }
@String { wetsom        = {Proc. Wkshp. Emerging Trends Softw. Metrics} }
@String { wicsa         = {Proc. IEEE/IFIP Working Conf. Softw. Arch.} }
@String { wicsa_ecsa    = {Proc. IEEE/IFIP Working Conf. Softw. Arch./Europ. Conf. Sofw. Arch.} }
@String { woda          = {Proc. Int. Wkshp. Dynamic Analysis} }
@String { wos           = {Proc. Wkshp. Open Source Softw. Eng.} }
@String { wrt           = {Proc. ACM Wkshp. Refactoring Tools} }
@String { wsc           = {Proc. Winter Simul. Conf.} }
@String { wse           = {Proc. IEEE Int. Symp. Web Syst. Evol.} }
@String { www           = {Proc. Int. Conf. World Wide Web} }
@String { xp            = {Proc. Int. Conf. Agile Proc. Softw. Eng. Extreme Progr.} }

