% This file was created with JabRef 2.10.
% Encoding: Cp1252


@String { acmse         = {ACM Southeast Reg Conf} }
@String { acom          = {Int Wkshp Assess Contemp Modulariz Techn} }
@String { acsc          = {Australasian Comp Sci Conf} }
@String { adma          = {Int Conf Adv Data Mining Appl} }
@String { ads           = {Advances Database Syst} }
@String { ai            = {Artif Intell} }
@String { aic           = {Advances Comput} }
@String { aicom         = {AI Commun} }
@String { aij           = {Artif Intell J} }
@String { ainaw         = {Wkshp Proc Int Conf Adv Info Netw Appl} }
@String { ajcai         = {Austral Joint Conf Adv Artif Intell} }
@String { ajp           = {Amer J Psychol} }
@String { ajs           = {Amer J Sociol} }
@String { alenex        = {Int Symp Algor Eng Experiment} }
@String { algorithmica  = {Algorithmica} }
@String { ams           = {Annals Math Stat} }
@String { annse         = {Annals Softw Eng} }
@String { aop           = {Int Wkshp Aspect-Oriented Progr} }
@String { aosd          = {Int Conf Aspect-Oriented Softw Dev} }
@String { apsec         = {Asia--Pacific Softw Eng Conf} }
@String { ase           = {IEEE/ACM Int Conf Autom Softw Eng} }
@String { asian         = {Asian Comput Sci Conf} }
@String { asoc          = {Adv Separ Concerns Wkshp} }
@String { asset         = {IEEE Symp Appl-Specif Syst Softw Eng Technol} }
@String { aswec         = {Austral Softw Eng Conf} }
@String { atttj         = {AT\&T Techn J} }
@String { aviic         = {Int Conf Adv Visual Interfaces} }
@String { aviwc         = {Working Conf Adv Visual Interfaces} }
@String { bb            = {Biometrics Bull} }
@String { bib           = {Brief Bioinform} }
@String { bioessays     = {BioEssays} }
@String { bioscience    = {BioScience} }
@String { cacm          = {Commun ACM} }
@String { cascon        = {IBM Conf Centre Adv Stud Collab Res} }
@String { cbr           = {Int Conf Case-Based Reasoning} }
@String { cbsoft        = {Braz Conf Softw Theory Pract} }
@String { cc            = {ACM SIGCHI Conf Creativ Cognit} }
@String { cccsse        = {Canad Conf Comp Sci Softw Eng} }
@String { ccece         = {Canad Conf Electr Comput Eng} }
@String { cec           = {ACM Conf Electr Commerce} }
@String { chase         = {Int Wkshp Coop Human Aspects Softw Eng} }
@String { chi           = {ACM SIGCHI Conf Human Factors Comput Syst} }
@String { cikm          = {Int Conf Info Knowl Mgmt} }
@String { codes+isss    = {IEEE/ACM/IFIP Int Conf Hardw Softw Codesign Syst Synth} }
@String { compintel     = {Comput Intell} }
@String { compsac       = {IEEE Int Comp Softw Appl Conf} }
@String { computer      = {Computer} }
@String { conphys       = {Contemp Phys} }
@String { cpaior        = {Int Conf Integr AI OR Techniques Constraint Progr Combin Optim Probs} }
@String { csac          = {Int Wkshp Comp Support Activ Coord} }
@String { cscw          = {ACM Conf Comput Support Coop Work} }
@String { cscwjcc       = {Comput Supported Coop Work} }
@String { csm           = {Conf Softw Maintenance} }
@String { csmr          = {Europ Conf Softw Mainten Reeng} }
@String { csrev         = {Comp Sci Rev} }
@String { csss          = {ACM SIGPLAN Wkshp Compiler Support Syst Softw} }
@String { csur          = {ACM Comput Surv} }
@String { cuai          = {Conf Uncertainty Artif Intell} }
@String { cviu          = {Comp Vis Image Understand} }
@String { dam           = {Discrete Appl Math} }
@String { dasfaa        = {Int Conf Database Syst Adv Appl} }
@String { ddj           = {Dr Dobb's J} }
@String { dma           = {Discrete Math Appl} }
@String { dmkd          = {Data Min Knowl Discov} }
@String { ecbs          = {IEEE Conf Eng Comput-Based Syst} }
@String { eceasst       = {Electr Commun EASST} }
@String { ecml          = {Europ Conf Mach Learn} }
@String { ecoop         = {Europ Conf Object-Oriented Progr} }
@String { ecoop_oopsla  = {Europ Conf Object-Oriented Progr/ACM SIGPLAN Conf Object-Oriented Progr Syst Lang Appl} }
@String { ecoopw        = {Wkshp Reader Europ Conf Object-Oriented Progr} }
@String { eit           = {IEEE Int Conf Electro/Info Techn} }
@String { enase         = {Int Conf Eval Novel Approaches Softw Eng} }
@String { entcs         = {Electr Notes Theor Comp Sci} }
@String { epjb          = {Eur Phys J B} }
@String { esa           = {Europ Symp Algor} }
@String { ese           = {Empir Softw Eng} }
@String { esec_fse      = {Europ Softw Eng Conf/ACM SIGSOFT Int Symp Foundations Softw Eng} }
@String { esem          = {Int Symp Empiric Softw Eng Measure} }
@String { esop          = {Europ Symp Progr} }
@String { esp           = {Wkshp Empir Stud Programmers} }
@String { esug          = {Europ Smalltalk User Group} }
@String { etx           = {Eclipse Technol eXchange} }
@String { euromicro     = {EUROMICRO Conf Softw Eng Adv Appl} }
@String { europhyslett  = {Europhys Lett} }
@String { evocop        = {Europ Conf Evol Comput Combin Optim} }
@String { ewsa          = {Europ Wkshp Softw Arch} }
@String { ewspt         = {Europ Wkshp Softw Process Technol} }
@String { fase          = {Int Conf Fundamental Approaches Softw Eng} }
@String { fatesrv       = {Rev Papers Int Wrkshp Formal Appr Softw Test Runtime Verif} }
@String { fcds          = {Foundations Comput Decision Sci} }
@String { fdo           = {ACM Wkshp Feedback-Directed Optimiz} }
@String { ffse          = {Wkshp Formal Foundations Softw Evol} }
@String { fose          = {Future Softw Eng} }
@String { foser         = {FSE/SDP Wkshp Future Softw Eng Res} }
@String { fosm          = {Frontiers Softw Mainten} }
@String { fqas          = {Int Conf Flexible Query Answering Syst} }
@String { fse           = {ACM SIGSOFT Int Symp Foundations Softw Eng} }
@String { gbrpr         = {IAPR Int Wkshp Graph-Based Repres Pattern Recog} }
@String { gcms          = {Conf Grand Challenges Model Simul} }
@String { gi            = {Graph Interf} }
@String { gimm          = {Int Wkshp Global Integrated Model Mgmt} }
@String { gpce          = {Int Conf Generative Progr Component Eng} }
@String { group         = {ACM SIGGROUP Int Conf Support Group Work} }
@String { hase          = {IEEE Int High-Assurance Systems Eng Symp} }
@String { hicss         = {Hawaii Int Conf Syst Sci} }
@String { hopl          = {ACM SIGPLAN Conf History Progr Lang} }
@String { hpcs          = {Int Conf High Perform Comput Simul} }
@String { ibmsj         = {IBM Syst J} }
@String { iccbss        = {IEEE Int Conf COTS Based Softw Syst} }
@String { iccd          = {IEEE Int Conf Comput Design} }
@String { iccit         = {IEEE Int Conf Comp Info Technol} }
@String { iccsa         = {Int Conf Comput Sci Appl} }
@String { iccsse        = {Int Conf Comp Sci Softw Eng} }
@String { iceud         = {Int Conf End User Devel} }
@String { icfem         = {Int Conf Formal Eng Methods} }
@String { icicic        = {Int Conf Innovative Comput Info Control} }
@String { icml          = {Int Conf Mach Learning} }
@String { icoss         = {IFIP Int Conf Open Source Syst} }
@String { icpc          = {IEEE Int Conf Program Comprehen} }
@String { icse          = {ACM/IEEE Int Conf Softw Eng} }
@String { icsecompanion = {Companion Int Conf Softw Eng} }
@String { icsm          = {IEEE Int Conf Softw Mainten} }
@String { icsq          = {Int Conf Softw Qual} }
@String { icsr          = {Int Conf Softw Reuse} }
@String { ictke         = {Int Conf ICT Knowl Eng} }
@String { ictp          = {Int Conf Tests Proofs} }
@String { ideal         = {Int Conf Intell Data Eng Automat Learn} }
@String { iea_aie       = {Int Conf Industr Eng Appl Appl Intell Syst} }
@String { ieee          = {IEEE} }
@String { ietsoft       = {IET Softw} }
@String { ifip          = {IFIP Int Fed Info Process} }
@String { ifipc         = {IFIP World Congress} }
@String { ijamt         = {Int J Adv Manuf Technol} }
@String { ijase         = {Automat Softw Eng} }
@String { ijis          = {Int J Info Sec} }
@String { ijmms         = {Int J Man Machine Studies} }
@String { ijrr          = {Int J Robot Res} }
@String { infocon       = {Info Control} }
@String { informatica   = {Informatica} }
@String { infosci       = {Info Sci} }
@String { infosyst      = {Info Syst} }
@String { interact      = {IFIP TC13 Int Conf Human Comput Interact} }
@String { ipdps         = {IEEE Int Parall Distrib Process Symp} }
@String { ipl           = {Info Process Lett} }
@String { ipm           = {Info Process Manage} }
@String { iri           = {IEEE Int Conf Info Reuse Integr} }
@String { isec          = {India Softw Eng Conf} }
@String { isese         = {Int Symp Empir Softw Eng} }
@String { iseud         = {Int Symp End-User Devel} }
@String { isf           = {Info Syst Frontiers} }
@String { isoortdc      = {Int Symp Object-Oriented Real-Time Distr Comput} }
@String { isr           = {Int Statistical Rev} }
@String { issre         = {Int Symp Softw Reliab Eng} }
@String { issta         = {ACM SIGSOFT Int Symp Softw Test Analys} }
@String { ist           = {Inf Softw Technol} }
@String { itpro         = {IT Profess} }
@String { itwp          = {IJCAI Wkshp Intell Techn Web Personaliz} }
@String { iui           = {Int Conf Intell User Interfaces} }
@String { ivc           = {Image Vision Comput} }
@String { iwcase        = {Int Wkshp Comput Aided Softw Eng} }
@String { iwmcp         = {Int Wkshp Model Compar Pract} }
@String { iwpc          = {IEEE Int Wkshp Progr Comprehen} }
@String { iwpse         = {ACM Int Wkshp Princip Softw Evol} }
@String { iwpse_evol    = {Joint ACM Int Wkshp Princip Softw Evol/ERCIM Wkshp Softw Evol} }
@String { iwsc          = {Int Wkshp Softw Clones} }
@String { iwsr          = {Selected Papers Int Wkshp Softw Reusabil} }
@String { iwssd         = {Int Wkshp Softw Specif Design} }
@String { jacm          = {J ACM} }
@String { jai           = {J Appl Intell} }
@String { jasa          = {J Am Stat Assoc} }
@String { jasist        = {J Am Soc Inf Sci Technol} }
@String { jcd           = {J Chronic Diseases} }
@String { jcmc          = {J Comp Mediated Commun} }
@String { jcs           = {J Cell Sci} }
@String { jcss          = {J Comp Syst Sci} }
@String { jetai         = {J Exp Theor Artif Intell} }
@String { jilp          = {J Instruction-Level Parallelism} }
@String { jips          = {J Info Proc Syst} }
@String { jmir          = {J Med Internet Res} }
@String { joop          = {J Object-Oriented Program} }
@String { jrss          = {J Royal Stat Soc} }
@String { jrssb         = {J Royal Stat Soc Ser B (Methodol)} }
@String { jru           = {J Risk Uncert} }
@String { jsea          = {J Softw Eng Appl} }
@String { jsmerp        = {J Softw Mainten Evol Res Pract} }
@String { jsmrp         = {J Softw Mainten Res Pract} }
@String { jsp           = {J Stat Phys} }
@String { jss           = {J Syst Softw} }
@String { jsw           = {J Softw} }
@String { jvlc          = {J Vis Lang Comput} }
@String { kcsd          = {Int Wkshp Support Knowl Collab Softw Devel} }
@String { kdd           = {ACM SIGKDD Int Conf Knowl Discov Data Min} }
@String { ktp           = {Knowl Technol Policy} }
@String { lmo           = {Actes journ Lang Mod{\`e}l Objets} }
@String { lncs          = {Lect Notes Comp Sci} }
@String { loplas        = {ACM Lett Program Lang Syst} }
@String { machintel     = {Mach Intell} }
@String { machlearn     = {Mach Learn} }
@String { macs          = {Wkshp Model Analys Concerns Softw} }
@String { mansci        = {Manage Sci} }
@String { maple         = {Maple Conf} }
@String { mdsoc         = {Wkshp Multi-dimen Separation Concerns} }
@String { metrics       = {IEEE Int Symp Softw Metrics} }
@String { misq          = {MIS Quarterly} }
@String { models        = {Int Conf Model-Driven Eng Lang Syst} }
@String { msrw          = {Int Wkshp Mining Softw Repos} }
@String { msrwc         = {Int Working Conf Mining Softw Repos} }
@String { mt            = {Methods \& Tools} }
@String { nature        = {Nature} }
@String { netmath       = {Internet Math} }
@String { oopsla        = {ACM SIGPLAN Conf Object-Oriented Progr Syst Lang Appl} }
@String { oopslaadd     = {Addendum ACM SIGPLAN Conf Object-Oriented Progr Syst Lang Appl} }
@String { oopslacomp    = {Companion ACM SIGPLAN Conf Obj-Oriented Progr Syst Lang Appl} }
@String { oorase        = {Wkshp Object-Oriented Reflect Softw Eng} }
@String { oose          = {Wkshp Open Source Softw Eng} }
@String { or            = {Online Rev} }
@String { ossd          = {Wkshp Open Source Softw Devel} }
@String { ozchi         = {Austral Conf Comput--Human Interact} }
@String { paps          = {Amer Phil Soc} }
@String { paste         = {ACM SIGPLAN--SIGSOFT Wkshp Progr Analysis Softw Tools Eng} }
@String { patreclet     = {Pattern Recog Lett} }
@String { patrecog      = {Pattern Recog} }
@String { pcs           = {Program Comput Softw} }
@String { pdcat         = {Int Conf Parallel Distrib Comput Appl Technol} }
@String { pfe           = {Revised Papers Int Wkshp Softw Product-Family Eng} }
@String { philsci       = {Phil Sci} }
@String { physicaa      = {Physica A: Stat Mech Appl} }
@String { physreve      = {Phys Rev E} }
@String { pldi          = {ACM SIGPLAN Conf Progr Lang Des Impl} }
@String { pmihas        = {Publ Math Inst Hung Acad Sci} }
@String { pnas          = {Nat Acad Sci} }
@String { pods          = {ACM SIGMOD--SIGACT--SIGART Symp Princip Database Syst} }
@String { popl          = {ACM SIGPLAN Conf Princip Progr Lang} }
@String { ppcp          = {Int Conf Princip Pract Constraint Progr} }
@String { pppj          = {Int Symp Princip Pract Progr Java} }
@String { prl           = {Phys Rev Lett} }
@String { profes        = {Int Conf Product Focused Softw Process Improve} }
@String { promise       = {Int Wkshp Predictor Models Softw Eng} }
@String { pse           = {ACM Int Wkshp Princip Softw Evol/ERCIM Wkshp Softw Evol} }
@String { psi           = {Int Conf Perspectives Syst Informat} }
@String { ptdoosm       = {Wkshp Pragmat Theoret Direct Obj-Oriented Softw Metrics} }
@String { ptrsl         = {Philosoph Trans Royal Soc London, Series A} }
@String { qje           = {Quarterly J Econ} }
@String { qosa          = {ACM SIGSOFT Int Conf Qual Softw Arch} }
@String { qosa_isarcs   = {ACM SIGSOFT Conf Qual Softw Arch/Int Symp Arch Critical Syst} }
@String { qq            = {Qual Quant} }
@String { qs            = {Qualitat Sociol} }
@String { queue         = {Queue} }
@String { raise         = {Int Wkshp Realizing Artif Intell Synergies Softw Eng} }
@String { rcis          = {Int Conf Research Challenges Info Sci} }
@String { re            = {IEEE Int Req Eng Conf} }
@String { recsys        = {ACM Conf Recomm Syst} }
@String { rmp           = {Rev Mod Phys} }
@String { rsse          = {Int Wkshp Recommend Syst Softw Eng} }
@String { rta           = {Int Conf Rewriting Techn Appl} }
@String { rue           = {Wkshp Recomm Utility Eval} }
@String { sac           = {ACM Symp Appl Comput} }
@String { sc            = {Int Conf Softw Composit} }
@String { scam          = {IEEE Int Wkshp Source Code Analys Manipul} }
@String { sci           = {Studies Comput Intell} }
@String { science       = {Science} }
@String { scm           = {Int Wkshp Softw Config Mgmt} }
@String { scs           = {Symp Simul Comp Syst} }
@String { scsc          = {Summer Comp Simul Conf} }
@String { sde           = {ACM SIGSOFT/SIGPLAN Symp Pract Softw Dev Environ} }
@String { seaa          = {EUROMICRO Conf Softw Eng Adv Appl} }
@String { sej           = {Softw Eng J} }
@String { seke          = {Int Conf Softw Eng Knowl Eng} }
@String { sen           = {SIGSOFT Softw Eng Notes} }
@String { sess          = {IEEE Int Conf Softw Eng Service Sci} }
@String { shark         = {Int Wkshp Sharing Reusing Arch Knowl} }
@String { siam          = {SIAM Rev} }
@String { sigcse        = {ACM SIGCSE Techn Symp Comp Sci Educ} }
@String { siggraphv     = {Visual Proc ACM SIGGRAPH Int Conf Comp Graph} }
@String { sigir         = {ACM SIGIR Int Conf R\&D Info Retrieval} }
@String { sigkddex      = {SIGKDD Explor} }
@String { sigmod        = {ACM SIGMOD Int Conf Mgmt Data} }
@String { simbad        = {Int Conf Similar Based Pattern Recog} }
@String { simgam        = {Simul Gaming} }
@String { simutools     = {ICST Int Conf Simul Tools Techn} }
@String { skigraph      = {West Comput Graph Symp} }
@String { snpd_sawn     = {Int Conf Softw Eng Artif Intell Netw Parallel Distr Comput/ACIS Int Wkshp Self-Assembling Wireless Netw} }
@String { socnet        = {Social Netw} }
@String { softcomp      = {Soft Comput} }
@String { softviz       = {ACM Symp Softw Visualiz} }
@String { software      = {IEEE Softw} }
@String { sosp          = {ACM SIGOPS Symp Operat Syst Princip} }
@String { sosym         = {Softw Syst Model} }
@String { sp            = {IEEE Symp Secur Priv} }
@String { spe           = {Softw Pract Exper} }
@String { spice         = {Int Conf Softw Process Improv Capab Determin} }
@String { spin          = {Int Conf Model Checking Softw} }
@String { splat         = {Wkshp Softw Eng Princip Lang Aspect Technol} }
@String { sqj           = {Softw Qual J} }
@String { ssr           = {ACM Symp Softw Reusabil} }
@String { ssspr         = {Joint IAPR Int Wkshp Struct Syntac Statist Pattern Recog} }
@String { sste          = {IEEE Int Conf Softw Sci Technol Eng} }
@String { stc           = {Wkshp Socio-techn Congruen} }
@String { step          = {IEEE Int Wkshp Softw Technol Pract} }
@String { stoc          = {ACM Symp Theory Comput} }
@String { sttt          = {Int J Softw Tools Tech Transfer} }
@String { stvv          = {Int Conf Softw Test Verif Valid} }
@String { suite         = {Wkshp Search-Driven Devel Users Infrastr Tools Eval} }
@String { syrcose       = {Spring Young Res Colloq Softw Eng} }
@String { taicpart      = {Test Acad Industr Conf Practice Res Techn} }
@String { tams          = {Trans Amer Math Soc} }
@String { tkde          = {IEEE Trans Knowl Data Eng} }
@String { tnn           = {IEEE Trans Neural Netw} }
@String { tochi         = {ACM Trans Comput-Hum Interact} }
@String { tois          = {ACM Trans Info Syst} }
@String { tools         = {Int Conf Technol Object-Oriented Lang Syst} }
@String { toplas        = {ACM Trans Progr Lang Syst} }
@String { tosem         = {ACM Trans Softw Eng Methodol} }
@String { tpami         = {IEEE Trans Pattern Analys Mach Intell} }
@String { trse          = {Trans Royal Soc Edinburgh} }
@String { tse           = {IEEE Trans Softw Eng} }
@String { tvcg          = {IEEE Trans Visual Comput Graphics} }
@String { uist          = {ACM Symp User Interf Softw Technol} }
@String { um            = {Int Conf User Model} }
@String { umapw         = {Wkshp Int Conf Adv User Model} }
@String { umuai         = {User Model User-Adapted Interact} }
@String { upgrade       = {CEPIS UPGRADE} }
@String { usenixatc     = {USENIX Annual Technical Conf} }
@String { usenixcpp     = {USENIX C++ Technical Conf} }
@String { usenixwtc     = {USENIX Winter Technical Conf} }
@String { vissoft       = {IEEE Int Wkshp Visualiz Softw Understand Analys} }
@String { vldbj         = {VLDB J} }
@String { vlhcc         = {IEEE Symp Visual Lang Human-Centric Comput} }
@String { ware          = {Wkshp Aspect Rev Eng} }
@String { wcre          = {Working Conf Reverse Eng} }
@String { wcsa          = {IEEE/IFIP Work Conf Softw Arch} }
@String { wetsom        = {Wkshp Emerging Trends Softw Metrics} }
@String { wicsa         = {IEEE/IFIP Working Conf Softw Arch} }
@String { wicsa_ecsa    = {IEEE/IFIP Working Conf Softw Arch/Europ Conf Sofw Arch} }
@String { woda          = {Int Wkshp Dynamic Analysis} }
@String { wos           = {Wkshp Open Source Softw Eng} }
@String { wrt           = {ACM Wkshp Refactoring Tools} }
@String { wsc           = {Winter Simul Conf} }
@String { wse           = {IEEE Int Symp Web Syst Evol} }
@String { www           = {Int Conf World Wide Web} }
@String { xp            = {Int Conf Agile Proc Softw Eng Extreme Progr} }

