% This file was created with JabRef 2.10.
% Encoding: Cp1252


@String { acmse         = {Proceedings of the ACM Southeast Regional Conference} }
@String { acom          = {Proceedings of the International Workshop on Assessment of Contemporary Modularization Techniques} }
@String { acsc          = {Proceedings of the Australasian Computer Science Conference} }
@String { adma          = {Proceedings of the International Conference on Advanced Data Mining and Applications} }
@String { ads           = {Advances in Database Systems} }
@String { ai            = {Artificial Intelligence} }
@String { aic           = {Advances in Computers} }
@String { aicom         = {AI Communications} }
@String { aij           = {Artificial Intelligence Journal} }
@String { ainaw         = {Workshop Proceedings of the International Conference on Advanced Information Networking and Applications} }
@String { ajcai         = {Proceedings of the Australian Joint Conference on Artificial Intelligence} }
@String { ajp           = {American Journal of Psychology} }
@String { ajs           = {American Journal of Sociology} }
@String { alenex        = {Proceedings of the International Symposium on Algorithm Engineering and Experimentation} }
@String { algorithmica  = {Algorithmica} }
@String { ams           = {Annals of Mathematical Statistics} }
@String { annse         = {Annals of Software Engineering} }
@String { aop           = {Proceedings of the International Workshop on Aspect-Oriented Programming} }
@String { aosd          = {Proceedings of the International Conference on Aspect-Oriented Software Deveopment} }
@String { apsec         = {Proceedings of the Asia--Pacific Software Engineering Conference} }
@String { ase           = {Proceedings of the IEEE/ACM International Conference on Automated Software Engineering} }
@String { asian         = {Proceedings of the Asian Computing Science Conference} }
@String { asoc          = {Proceedings of the Advanced Separation of Concerns Workshop} }
@String { asset         = {Proceedings of the IEEE Symposium on Application-Specific Systems and Software Engineering \& Technology} }
@String { aswec         = {Proceedings of the Australian Software Engineering Conference} }
@String { atttj         = {AT\&T Technical Journal} }
@String { aviic         = {Proceedings of the International Conferece on Advanced Visual Interfaces} }
@String { aviwc         = {Proceedings of the Working Conference on Advanced Visual Interfaces} }
@String { bb            = {Biometrics Bulletin} }
@String { bib           = {Briefings in Bioinformatics} }
@String { bioessays     = {BioEssays} }
@String { bioscience    = {BioScience} }
@String { cacm          = {Communications of the ACM} }
@String { cascon        = {Proceedings of the IBM Centre for Advanced Studies Conference on Collaborative Research} }
@String { cbr           = {Proceedings of the International Conference on Case-Based Reasoning} }
@String { cbsoft        = {Proceedings of the Brazilian Conference on Software: Theory and Practice} }
@String { cc            = {Proceedings of the ACM SIGCHI Conference on Creativity and Cognition} }
@String { cccsse        = {Proceedings of the Canadian Conference on Computer Science and Software Engineering} }
@String { ccece         = {Proceedings of the Canadian Conference on Electrical and Computer Engineering} }
@String { cec           = {Proceedings of the ACM Conference on Electronic Commerce} }
@String { chase         = {Proceedings of the International Workshop on Cooperative and Human Aspects of Software Engineering} }
@String { chi           = {Proceedings of the ACM SIGCHI Conference on Human Factors in Computing Systems} }
@String { cikm          = {Proceedings of the International Conference on Information and Knowledge Management} }
@String { codes+isss    = {Proceedings of the IEEE/ACM/IFIP International Conference on Hardware/Software Codesign and System Synthesis} }
@String { compintel     = {Computational Intelligence} }
@String { compsac       = {Proceedings of the IEEE International Computer Software and Applications Conference} }
@String { computer      = {Computer} }
@String { conphys       = {Contemporary Physics} }
@String { cpaior        = {Proceedings of the International Conference on Integration of AI and OR Techniques in Constraint Programming for Combinatorial Optimization Problems} }
@String { csac          = {Proceedings of the International Workshop on Computer Supported Activity and Coordination} }
@String { cscw          = {Proceedings of the ACM Conference on Computer Supported Cooperative Work} }
@String { cscwjcc       = {Computer Supported Cooperative Work} }
@String { csm           = {Proceedings of the Conference on Software Maintenance} }
@String { csmr          = {Proceedings of the European Conference on Software Maintenance and Reengineering} }
@String { csrev         = {Computer Science Review} }
@String { csss          = {Proceedings of the ACM SIGPLAN Workshop on Compiler Support for System Software} }
@String { csur          = {ACM Computing Surveys} }
@String { cuai          = {Proceedings of the Conference on Uncertainty in Artificial Intelligence} }
@String { cviu          = {Computer Vision and Image Understanding} }
@String { dam           = {Discrete Applied Mathematics} }
@String { dasfaa        = {Proceedings of the International Conference on Database Systems for Advanced Applications} }
@String { ddj           = {Dr. Dobb's Journal} }
@String { dma           = {Discrete Mathematics and Applications} }
@String { dmkd          = {Data Mining and Knowledge Discovery} }
@String { ecbs          = {Proceedings of the IEEE Conference on Engineering Computer-Based Systems} }
@String { eceasst       = {Electronic Communications of the EASST} }
@String { ecml          = {Proceedings of the European Conference on Machine Learning} }
@String { ecoop         = {Proceedings of the European Conference on Object-Oriented Programming} }
@String { ecoop_oopsla  = {Proceedings of the European Conference on Object-Oriented Programming/ACM SIGPLAN Conference on Object-Oriented Programming, Systems, Languages, and Applications} }
@String { ecoopw        = {Workshop Reader of the European Conference on Object-Oriented Programming} }
@String { eit           = {Proceedings of the IEEE International Conference on Electro/Information Technology} }
@String { enase         = {Proceedings of the International Conference on Evaluating Novel Approaches to Software Engineering} }
@String { entcs         = {Electronic Notes in Theoretical Computer Science} }
@String { epjb          = {European Physical Journal B} }
@String { esa           = {Proceedings of the European Symposium on Algorithms} }
@String { ese           = {Empirical Software Engineering} }
@String { esec_fse      = {Proceedings of the European Software Engineering Conference/ACM SIGSOFT International Symposium on Foundations of Software Engineering} }
@String { esem          = {Proceedings of the International Symposium on Empirical Software Engineering and Measurement} }
@String { esop          = {Proceedings of the European Symposium on Programming} }
@String { esp           = {Proceedings of the Workshop on Empirical Studies of Programmers} }
@String { esug          = {Proceedings of the European Smalltalk User Group} }
@String { etx           = {Proceedings of the Eclipse Technology eXchange} }
@String { euromicro     = {Proceedings of the EUROMICRO Conference on Software Engineering and Advanced Applications} }
@String { europhyslett  = {Europhysics Letters} }
@String { evocop        = {Proceedings of the European Conference on Evolutionary Computation in Combinatorial Optimization} }
@String { ewsa          = {Proceedings of the European Workshop on Software Architecture} }
@String { ewspt         = {Proceedings of the European Workshop on Software Process Technology} }
@String { fase          = {Proceedings of the International Conference on Fundamental Approaches to Software Engineering} }
@String { fatesrv       = {Revised Papers of the International Workshop on Formal Approaches to Software Testing and Runtime Verification} }
@String { fcds          = {Foundations of Computing and Decision Sciences} }
@String { fdo           = {Proceedings of the ACM Workshop on Feedback-Directed Optimization} }
@String { ffse          = {Proceedings of the Workshop on Formal Foundations of Software Evolution} }
@String { fose          = {Proceedings of the Future of Software Engineering} }
@String { foser         = {Proceedings of the FSE/SDP Workshop on the Future of Software Engineering Research} }
@String { fosm          = {Proceedings of the Frontiers of Software Maintenance} }
@String { fqas          = {Proceedings of the International Conference on Flexible Query Answering Systems} }
@String { fse           = {Proceedings of the ACM SIGSOFT International Symposium on Foundations of Software Engineering} }
@String { gbrpr         = {Proceedings of the IAPR-TC-15 International Workshop on Graph-Based Representations in Pattern Recognition} }
@String { gcms          = {Proceedings of the Conference on Grand Challenges in Modeling and Simulation } }
@String { gi            = {Proceedings of Graphics Interface} }
@String { gimm          = {Proceedings of the International Workshop on Global Integrated Model Management} }
@String { gpce          = {Proceedings of the International Conference on Generative Programming and Component Engineering} }
@String { group         = {Proceedings of the ACM SIGGROUP International Conference on Supporting Group Work} }
@String { hase          = {Proceedings of the IEEE International High-Assurance Systems Engineering Symposium} }
@String { hicss         = {Proceedings of the Hawaii International Conference on Systems Science} }
@String { hopl          = {Proceedings of the ACM SIGPLAN Conference on History of Programming Languages} }
@String { hpcs          = {Proceedings of the International Conference on High Performance Computing and Simulation} }
@String { ibmsj         = {IBM Systems Journal} }
@String { iccbss        = {Proceedings of the IEEE International Conference on Commercial-off-the-Shelf (COTS)-Based Software Systems} }
@String { iccd          = {Proceedings of the IEEE International Conference on Computer Design} }
@String { iccit         = {Proceedings of the IEEE International Conference on Computer and Information Technology} }
@String { iccsa         = {Proceedings of the International Conference on Computational Science and Its Applications} }
@String { iccsse        = {Proceedings of the International Conference on Computer Science and Software Engineering} }
@String { iceud         = {Proceedings of the International Conference on End-User Development} }
@String { icfem         = {Proceedings of the International Conference on Formal Engineering Methods} }
@String { icicic        = {Proceedings of the International Conference on Innovative Computing, Information, and Control} }
@String { icml          = {Proceedings of the International Conference on Machine Learning} }
@String { icoss         = {Proceedings of the IFIP International Conference on Open Source Systems} }
@String { icpc          = {Proceedings of the IEEE International Conference on Program Comprehenension} }
@String { icse          = {Proceedings of the ACM/IEEE International Conference on Software Engineering} }
@String { icsecompanion = {Companion of the International Conference on Software Engineering} }
@String { icsm          = {Proceedings of the IEEE International Conference on Software Maintenance} }
@String { icsq          = {Proceedings of the International Conference on Software Quality} }
@String { icsr          = {Proceedings of the International Conference on Software Reuse} }
@String { ictke         = {Proceedings of the International Conference on ICT and Knowledge Engineering} }
@String { ictp          = {Proceedings of the International Conference on Tests and Proofs} }
@String { ideal         = {Proceedings of the International Conference on Intelligent Data Engineering and Automated Learning} }
@String { iea_aie       = {Proceedings of the International Conference on Industrial, Engineering, and Other Applications of Applied Intelligent Systems} }
@String { ieee          = {Proceedings of the IEEE} }
@String { ietsoft       = {IET Software} }
@String { ifip          = {IFIP International Federation for Information Processing} }
@String { ifipc         = {Proceedings of the IFIP World Congress} }
@String { ijamt         = {International Journal of Advanced Manufacturing Technology} }
@String { ijase         = {Automated Software Engineering: An International Journal} }
@String { ijis          = {International Journal of Information Security} }
@String { ijmms         = {International Journal of Man--Machine Studies} }
@String { ijrr          = {International Journal of Robotics Research} }
@String { infocon       = {Information and Control} }
@String { informatica   = {Informatica} }
@String { infosci       = {Information Sciences} }
@String { infosyst      = {Information Systems} }
@String { interact      = {Proceedings of the IFIP TC13 International Conference on Human--Computer Interactaction} }
@String { ipdps         = {Proceedings of the IEEE International Parallel and Distributed Processing Symposium} }
@String { ipl           = {Information Processing Letters} }
@String { ipm           = {Information Processing and Management} }
@String { iri           = {Proceedings of the IEEE International Conference on Information Reuse and Integration} }
@String { isec          = {Proceedings of the India Software Engineering Conference} }
@String { isese         = {Proceedings of the International Symposium on Empirical Software Engineering} }
@String { iseud         = {Proceedings of the International Symposium on End-User Development} }
@String { isf           = {Information Systems Frontiers} }
@String { isoortdc      = {Proceedings of the International Symposium on Object-Oriented Real-Time Distributed Computing} }
@String { isr           = {International Statistical Review} }
@String { issre         = {Proceedings of the International Symposium on Software Reliability Engineering} }
@String { issta         = {Proceedings of the ACM SIGSOFT International Symposium on Software Testing and Analysis} }
@String { ist           = {Information and Software Technology} }
@String { itpro         = {IT Professional} }
@String { itwp          = {Revised Selected Papers of the IJCAI Workshop on Intelligent Techniques for Web Personalization} }
@String { iui           = {Proceedings of the International Conference on Intelligence User Interfaces} }
@String { ivc           = {Image and Vision Computing} }
@String { iwcase        = {Proceedings of the International Workshop on Computer-Aided Software Engineering} }
@String { iwmcp         = {Proceedings of the International Workshop on Model Comparison in Practice} }
@String { iwpc          = {Proceedings of the IEEE International Workshop on Program Comprehenension} }
@String { iwpse         = {Proceedings of the ACM International Workshop on Principles of Software Evolution} }
@String { iwpse_evol    = {Proceedings of the Joint ACM International Workshop on Principles of Software Evolution and ERCIM Workshop on Software Evolution} }
@String { iwsc          = {Proceedings of the International Workshop on Software Clones} }
@String { iwsr          = {Selected Papers of the International Workshop on Software Reusability} }
@String { iwssd         = {Proceedings of the International Workshop on Software Specification and Design } }
@String { jacm          = {Journal of the ACM} }
@String { jai           = {Journal of Applied Intelligence} }
@String { jasa          = {Journal of the American Statistical Association} }
@String { jasist        = {Journal of the American Society for Information Science and Technology} }
@String { jcd           = {Journal of Chronic Diseases} }
@String { jcmc          = {Journal of Computer-Mediated Communication} }
@String { jcs           = {Journal of Cell Science} }
@String { jcss          = {Journal of Computer and System Sciences} }
@String { jetai         = {Journal of Experimental and Theoretical Artificial Intelligence} }
@String { jilp          = {Journal of Instruction-Level Parallelism} }
@String { jips          = {Journal of Information Processing Systems} }
@String { jmir          = {Journal of Medical Internet Research} }
@String { joop          = {Journal of Object-Oriented Programming} }
@String { jrss          = {Journal of the Royal Statistical Society} }
@String { jrssb         = {Journal of the Royal Statistical Society Series B (Methodology)} }
@String { jru           = {Journal of Risk and Uncertainty} }
@String { jsea          = {Journal of Software Engineering and Applications} }
@String { jsmerp        = {Journal of Software Maintenance and Evolution: Research and Practice} }
@String { jsmrp         = {Journal of Software Maintenance: Research and Practice} }
@String { jsp           = {Journal of Statistical Physics} }
@String { jss           = {Journal of Systems and Software} }
@String { jsw           = {Journal of Software} }
@String { jvlc          = {Journal of Visual Languages and Computing} }
@String { kcsd          = {Proceedings of the International Workshop on Supporting Knowledge Collaboration in Software Development} }
@String { kdd           = {} }
@String { ktp           = {Knowledge and Technology Policy} }
@String { lmo           = {Actes des journ{\'e}es Langages et Mod{\`e}les {\`a} Objets} }
@String { lncs          = {Lecture Notes in Computer Science} }
@String { loplas        = {ACM Letters in Programming Languages and Systems} }
@String { machintel     = {Machine Intelligence} }
@String { machlearn     = {Machine Learning} }
@String { macs          = {Proceedings of the Workshop on the Modelling and Analysis of Concerns in Software} }
@String { mansci        = {Management Science} }
@String { maple         = {Proceedings of the Maple Conference} }
@String { mdsoc         = {Proceedings of the Workshop on Multi-dimensional Separation of Concerns} }
@String { metrics       = {Proceedings of the IEEE International Symposium on Software Metrics} }
@String { misq          = {MIS Quarterly} }
@String { models        = {Proceedings of the International Conference on Model-Driven Engineering of Languages and Systems} }
@String { msrw          = {Proceedings of the International Workshop on Mining Software Repositories} }
@String { msrwc         = {Proceedings of the International Working Conference on Mining Software Repositories} }
@String { mt            = {Methods \& Tools} }
@String { nature        = {Nature} }
@String { netmath       = {Internet Mathematics} }
@String { oopsla        = {Proceedings of the ACM SIGPLAN Conference on Object-Oriented Programming, Systems, Languages, and Applications} }
@String { oopslaadd     = {Addendum to the ACM SIGPLAN Conference on Object-Oriented Programming, Systems, Languages, and Applications} }
@String { oopslacomp    = {Companion to the ACM SIGPLAN Conference on Object-Oriented Programming, Systems, Languages, and Applications} }
@String { oorase        = {Proceedings of the Workshop on Object-Oriented Reflection and Software Engineering} }
@String { oose          = {Proceedings of the Workshop on Open Source Software Engineering} }
@String { or            = {Online Reviews} }
@String { ossd          = {Proceedings of the Workshop on Open Source Software Development} }
@String { ozchi         = {Proceedings of the Australian Conference on Computer--Human Interaction} }
@String { paps          = {Proceedings of the American Philosophical Society} }
@String { paste         = {Proceedings of the ACM SIGPLAN--SIGSOFT Workshop on Program Analysis and Software Tools Engineering} }
@String { patreclet     = {Pattern Recognition Letters} }
@String { patrecog      = {Pattern Recognition} }
@String { pcs           = {Programming and Computing Software} }
@String { pdcat         = {Proceedings of the International Conference on Parallel and Distributed Computing, Applications, and Technologies} }
@String { pfe           = {Revised Papers of the International Workshop on Software Product-Family Engineering} }
@String { philsci       = {Philosophy of Science} }
@String { physicaa      = {Physica A: Statistical Mechanics and Its Applications} }
@String { physreve      = {Physical Review E} }
@String { pldi          = {Proceedings of the ACM SIGPLAN Conference on Programming Language Design and Implementation} }
@String { pmihas        = {Publication of the Mathematical Institute of the Hungarian Academy of Sciences} }
@String { pnas          = {Proceedings of the National Academy of Sciences} }
@String { pods          = {Proceedings of the ACM SIGMOD--SIGACT--SIGART Symposium on Principles of Database Systems} }
@String { popl          = {Proceedings of the ACM SIGPLAN Conference on Principles of Programming Languages} }
@String { ppcp          = {Proceedings of the International Conference on Principles and Practice of Constraint Programming} }
@String { pppj          = {Proceedings of the International Symposium on Principles and Practice of Programming in Java} }
@String { prl           = {Physical Review Letters} }
@String { profes        = {Proceedings of the International Conference on Product-Focused Software Process Improvement} }
@String { promise       = {Proceedings of the International Workshop on Predictor Models in Software Engineering} }
@String { pse           = {Proceedings of the ACM International Workshop on Principles of Software Evolution/ERCIM Workshop on Software Evolution} }
@String { psi           = {Proceedings of the International Conference on Perspectives of Systems Informatics} }
@String { ptdoosm       = {Proceedings of the Workshop on Pragmatic and Theoretical Directions in Object-Oriented Software Metrics} }
@String { ptrsl         = {Philosophical Transactions of the Royal Society of London, Series A} }
@String { qje           = {Quarterly Journal of Economics} }
@String { qosa          = {Proceedings of the ACM SIGSOFT International Conference on Quality of Software Architectures} }
@String { qosa_isarcs   = {Proceedings of the ACM SIGSOFT Conference on the Quality of Software Architectures/International Symposium on Architecing Critical Systems} }
@String { qq            = {Quality \& Quantity} }
@String { qs            = {Qualitative Sociology} }
@String { queue         = {Queue} }
@String { raise         = {Proceedings of the International Workshop on Realizing Artificial Intelligence Synergies in Software Engineering} }
@String { rcis          = {Proceedings of the International Conference on Research Challenges in Information Science} }
@String { re            = {Proceedings of the IEEE International Requirements Engineering Conference} }
@String { recsys        = {Proceedings of the ACM Conference on Recommender Systems} }
@String { rmp           = {Reviews of Modern Physics} }
@String { rsse          = {Proceedings of the International Workshop on Recommendation Systems for Softare Engineering} }
@String { rta           = {Proceedings of the International Conference on Rewriting Techniques and Applications} }
@String { rue           = {Proceedings of the Workshop on Recommendation Utility Evaluation} }
@String { sac           = {Proceedings of the ACM SIGAPP Symposium on Applied Computing} }
@String { sc            = {Proceedings of the International Conference on Software Composition} }
@String { scam          = {Proceedings of the IEEE International Workshop on Source Code Analysis and Manipulation} }
@String { sci           = {Studies in Computational Intelligence} }
@String { science       = {Science} }
@String { scm           = {Proceedings of the International Workshop on Software Configuration Managment} }
@String { scs           = {Proceedings of the Symposium on Simulation of Computer Systems} }
@String { scsc          = {Proceedings of the Summer Computer Simulation Conference} }
@String { sde           = {Proceedings of the ACM SIGSOFT/SIGPLAN Software Engineering Symposium on Practical Software Development Environments} }
@String { seaa          = {Proceedings of the EUROMICRO Conference on Software Engineering and Advanced Applications} }
@String { sej           = {Software Engineering Journal} }
@String { seke          = {Proceedings of the International Conference on Software Engineering and Knowledge Engineering} }
@String { sen           = {SIGSOFT Software Engineering Notes} }
@String { sess          = {Proceedings of the IEEE International Conference on Software Engineering and Service Science} }
@String { shark         = {Proceedings of the International Workshop on Sharing and Reusing Architectural Knowledge} }
@String { siam          = {SIAM Review} }
@String { sigcse        = {Proceedings of the ACM SIGCSE Technical Symposium on Computer Science Education} }
@String { siggraphv     = {Visual Proceedings of the ACM SIGGRAPH International Conference on Computer Graphics and Interactive Techniques} }
@String { sigir         = {Proceedings of the ACM SIGIR International Conference on Research and Development in Information Retrieval} }
@String { sigkddex      = {SIGKDD Explorations} }
@String { sigmod        = {Proceedings of the ACM SIGMOD International Conference on Management of Data} }
@String { simbad        = {Proceedings of the International Conference on Similarity-Based Pattern Recognition} }
@String { simgam        = {Simulation \& Gaming} }
@String { simutools     = {Proceedings of the ICST International Conference on Simulation Tools and Techniques} }
@String { skigraph      = {Proceedings of the Western Computer Graphics Symposium} }
@String { snpd_sawn     = {Proceedings of the International Conference on Software Engineering, Artificial Intelligence, Networks, and Parallel/Distributed Computing/ACIS International Workshop on Self-Assembling Wireless Networks} }
@String { socnet        = {Social Networks} }
@String { softcomp      = {Soft Computing} }
@String { softviz       = {Proceedings of the ACM Symposium on Software Visualization} }
@String { software      = {IEEE Software} }
@String { sosp          = {Proceedings of the ACM SIGOPS Symposium on Operating Systems Principles} }
@String { sosym         = {Software and Systems Modeling} }
@String { sp            = {Proceedings of the IEEE Symposium on Security and Privacy} }
@String { spe           = {Software: Practice \& Experience} }
@String { spice         = {Proceedings of the International Conference on Software Process Improvement and Capability Determination} }
@String { spin          = {Proceedings of the International Conference on Model Checking Software} }
@String { splat         = {Proceedings of the Workshop on Software Engineering Principles of Languages for Aspect Technologies} }
@String { sqj           = {Software Quality Journal} }
@String { ssr           = {Proceedings of the ACM Symposium on Software Reusability} }
@String { ssspr         = {Proceedings of the Joint IAPR International Workshop on Structural, Syntactic, and Statistical Pattern Recognition} }
@String { sste          = {Proceedings of the IEEE International Conference on Software Sciience, Technology, and Engineering} }
@String { stc           = {Workshop on Socio-technical Congruence} }
@String { step          = {Proceedings of the IEEE International Workshop on Software Technology and Practice} }
@String { stoc          = {Proceedings of the ACM Symposium on Theory of Computing} }
@String { sttt          = {International Journal on Software Tools for Technology Transfer} }
@String { stvv          = {Proceedings of the International Conference on Software Testing, Verification, and Validation} }
@String { suite         = {Proceedings of the Workshop on Search-Driven Development: Users, Infrastructure, Tools, and Evaluation} }
@String { syrcose       = {Proceedings of the Spring Young Researchers Colloquium on Software Engineering} }
@String { taicpart      = {Proceedings of Testing: Academic \& Industrial Conference: Practice and Research Techniques} }
@String { tams          = {Transactions of the American Mathematical Society} }
@String { tkde          = {IEEE Transactions on Knowledge and Data Engineering} }
@String { tnn           = {IEEE Transactions on Neural Networks} }
@String { tochi         = {ACM Transactions on Computer--Human Interaction} }
@String { tois          = {ACM Transactions on Information Systems} }
@String { tools         = {Proceedings of the International Conference on Technology of Object-Oriented Languages and Systems} }
@String { toplas        = {ACM Transactions on Programming Languages and Systems} }
@String { tosem         = {ACM Transactions on Software Engineering and Methodology} }
@String { tpami         = {IEEE Transactions on Pattern Analysis and Machine Intelligence} }
@String { trse          = {Transactions of the Royal Society of Edinburgh} }
@String { tse           = {IEEE Transactions on Software Engineering} }
@String { tvcg          = {IEEE Transactions on Visualization and Computer Graphics} }
@String { uist          = {Proceedings of the ACM Symposium on User Interface Software and Technology} }
@String { um            = {Proceedings of the International Conference on User Modeling} }
@String { umapw         = {Revised Selected Workshop Papers of the International Conference on Advances in User Modeling} }
@String { umuai         = {User Modeling and User-Adapted Interaction} }
@String { upgrade       = {CEPIS UPGRADE} }
@String { usenixatc     = {Proceedings of the USENIX Annual Technical Conference} }
@String { usenixcpp     = {Proceedings of the USENIX C++ Technical Conference} }
@String { usenixwtc     = {Proceedings of the USENIX Winter Technical Conference} }
@String { vissoft       = {Proceedings of the IEEE International Workshop on Visualizing Software for Understanding and Analysis} }
@String { vldbj         = {VLDB Journal} }
@String { vlhcc         = {Proceedings of the IEEE Symposium on Visual Languages and Human-Centric Computing} }
@String { ware          = {Proceedings of the Workshop on Aspects of Reverse Engineering} }
@String { wcre          = {Proceedings of the Working Conference on Reverse Engineering} }
@String { wcsa          = {Proceedings of the IEEE/IFIP Working Conference on Software Architecture} }
@String { wetsom        = {Proceedings of the Workshop on Emerging Trends in Software Metrics} }
@String { wicsa         = {Proceedings of the IEEE/IFIP Working Conference on Software Architecture} }
@String { wicsa_ecsa    = {Proceedings of the IEEE/IFIP Working Conference on Software Architecture/European Conference on Sofware Architecture} }
@String { woda          = {Proceedings of the International Workshop on Dynamic Analysis} }
@String { wos           = {Proceedings of the Workshop on Open Source Software Engineering} }
@String { wrt           = {Proceedings of the ACM Workshop on Refactoring Tools} }
@String { wsc           = {Proceedings of the Winter Simulation Conference} }
@String { wse           = {Proceedings of the IEEE International Symposium on Web Systems Evolution} }
@String { www           = {Proceedings of the International Conference on the World Wide Web} }
@String { xp            = {Proceedings of the International Conference on Agile Processes in Software Engineering and Extreme Programming} }

