% This file was created with JabRef 2.10.
% Encoding: Cp1252


@String { acmse         = {Proc. ACM Southeast Regional Conf.} }
@String { acom          = {Proc. Int. Wkshp. Assessment of Contemporary Modularization Techniques} }
@String { acsc          = {Proc. Australasian Computer Science Conf.} }
@String { adma          = {Proc. Int. Conf. Advanced Data Mining and Applications} }
@String { ads           = {Advances in Database Systems} }
@String { ai            = {Artificial Intelligence} }
@String { aic           = {Advances in Computers} }
@String { aicom         = {AI Communications} }
@String { aij           = {Artificial Intelligence J.} }
@String { ainaw         = {Wkshp. Proc. Int. Conf. Advanced Information Networking and Applications} }
@String { ajcai         = {Proc. Australian Joint Conf. Artificial Intelligence} }
@String { ajp           = {American J. Psychology} }
@String { ajs           = {American J. Sociology} }
@String { alenex        = {Proc. Int. Symp. Algorithm Engineering and Experimentation} }
@String { algorithmica  = {Algorithmica} }
@String { ams           = {Annals of Mathematical Statistics} }
@String { annse         = {Annals of Software Engineering} }
@String { aop           = {Proc. Int. Wkshp. Aspect-Oriented Programming} }
@String { aosd          = {Proc. Int. Conf. Aspect-Oriented Software Deveopment} }
@String { apsec         = {Proc. Asia--Pacific Software Engineering Conf.} }
@String { ase           = {Proc. IEEE/ACM Int. Conf. Automated Software Engineering} }
@String { asian         = {Proc. Asian Computing Science Conf.} }
@String { asoc          = {Proc. Advanced Separation of Concerns Wkshp.} }
@String { asset         = {Proc. IEEE Symp. Application-Specific Systems and Software Engineering \& Technology} }
@String { aswec         = {Proc. Australian Software Engineering Conf.} }
@String { atttj         = {AT\&T Techn. J.} }
@String { aviic         = {Proc. Int. Conf. Advanced Visual Interfaces} }
@String { aviwc         = {Proc. Working Conf. Advanced Visual Interfaces} }
@String { bb            = {Biometrics Bulletin} }
@String { bib           = {Briefings in Bioinformatics} }
@String { bioessays     = {BioEssays} }
@String { bioscience    = {BioScience} }
@String { cacm          = {Communications of the ACM} }
@String { cascon        = {Proc. IBM Centre for Advanced Studies Conf. Collaborative Research} }
@String { cbr           = {Proc. Int. Conf. Case-Based Reasoning} }
@String { cbsoft        = {Proc. Brazilian Conf. Software: Theory and Practice} }
@String { cc            = {Proc. ACM SIGCHI Conf. Creativity and Cognition} }
@String { cccsse        = {Proc. Canadian Conf. Computer Science and Software Engineering} }
@String { ccece         = {Proc. Canadian Conf. Electrical and Computer Engineering} }
@String { cec           = {Proc. ACM Conf. Electronic Commerce} }
@String { chase         = {Proc. Int. Wkshp. Cooperative and Human Aspects of Software Engineering} }
@String { chi           = {Proc. ACM SIGCHI Conf. Human Factors in Computing Systems} }
@String { cikm          = {Proc. Int. Conf. Information and Knowledge Management} }
@String { codes+isss    = {Proc. IEEE/ACM/IFIP Int. Conf. Hardware/Software Codesign and System Synthesis} }
@String { compintel     = {Computational Intelligence} }
@String { compsac       = {Proc. IEEE Int. Computer Software and Applications Conf.} }
@String { computer      = {Computer} }
@String { conphys       = {Contemporary Physics} }
@String { cpaior        = {Proc. Int. Conf. Integration of AI and OR Techniques in Constraint Programming for Combinatorial Optimization Problems} }
@String { csac          = {Proc. Int. Wkshp. Computer Supported Activity and Coordination} }
@String { cscw          = {Proc. ACM Conf. Computer Supported Cooperative Work} }
@String { cscwjcc       = {Computer Supported Cooperative Work} }
@String { csm           = {Proc. Conf. Software Maintenance} }
@String { csmr          = {Proc. European Conf. Software Maintenance and Reengineering} }
@String { csrev         = {Computer Science Review} }
@String { csss          = {Proc. ACM SIGPLAN Wkshp. Compiler Support for System Software} }
@String { csur          = {ACM Computing Surveys} }
@String { cuai          = {Proc. Conf. Uncertainty in Artificial Intelligence} }
@String { cviu          = {Computer Vision and Image Understanding} }
@String { dam           = {Discrete Applied Mathematics} }
@String { dasfaa        = {Proc. Int. Conf. Database Systems for Advanced Applications} }
@String { ddj           = {Dr. Dobb's J.} }
@String { dma           = {Discrete Mathematics and Applications} }
@String { dmkd          = {Data Mining and Knowledge Discovery} }
@String { ecbs          = {Proc. IEEE Conf. Engineering Computer-Based Systems} }
@String { eceasst       = {Electronic Communications of the EASST} }
@String { ecml          = {Proc. European Conf. Machine Learning} }
@String { ecoop         = {Proc. European Conf. Object-Oriented Programming} }
@String { ecoop_oopsla  = {Proc. European Conf. Object-Oriented Programming/ACM SIGPLAN Conf. Object-Oriented Programming, Systems, Languages, and Applications} }
@String { ecoopw        = {Wkshp. Reader European Conf. Object-Oriented Programming} }
@String { eit           = {Proc. IEEE Int. Conf. Electro/Information Technology} }
@String { enase         = {Proc. Int. Conf. Evaluating Novel Approaches to Software Engineering} }
@String { entcs         = {Electronic Notes in Theoretical Computer Science} }
@String { epjb          = {European Physical J. B} }
@String { esa           = {Proc. European Symp. Algorithms} }
@String { ese           = {Empirical Software Engineering} }
@String { esec_fse      = {Proc. European Software Engineering Conf./ACM SIGSOFT Int. Symp. Foundations of Software Engineering} }
@String { esem          = {Proc. Int. Symp. Empirical Software Engineering and Measurement} }
@String { esop          = {Proc. European Symp. Programming} }
@String { esp           = {Proc. Wkshp. Empirical Studies of Programmers} }
@String { esug          = {Proc. European Smalltalk User Group} }
@String { etx           = {Proc. Eclipse Technology eXchange} }
@String { euromicro     = {Proc. EUROMICRO Conf. Software Engineering and Advanced Applications} }
@String { europhyslett  = {Europhysics Letters} }
@String { evocop        = {Proc. European Conf. Evolutionary Computation in Combinatorial Optimization} }
@String { ewsa          = {Proc. European Wkshp. Software Architecture} }
@String { ewspt         = {Proc. European Wkshp. Software Process Technology} }
@String { fase          = {Proc. Int. Conf. Fundamental Approaches to Software Engineering} }
@String { fatesrv       = {Revised Papers of the Int. Wkshp. Formal Approaches to Software Testing and Runtime Verification} }
@String { fcds          = {Foundations of Computing and Decision Sciences} }
@String { fdo           = {Proc. ACM Wkshp. Feedback-Directed Optimization} }
@String { ffse          = {Proc. Wkshp. Formal Foundations of Software Evolution} }
@String { fose          = {Proc. Future of Software Engineering} }
@String { foser         = {Proc. FSE/SDP Wkshp. Future of Software Engineering Research} }
@String { fosm          = {Proc. Frontiers of Software Maintenance} }
@String { fqas          = {Proc. Int. Conf. Flexible Query Answering Systems} }
@String { fse           = {Proc. ACM SIGSOFT Int. Symp. Foundations of Software Engineering} }
@String { gbrpr         = {Proc. IAPR-TC-15 Int. Wkshp. Graph-Based Representations in Pattern Recognition} }
@String { gcms          = {Proc. Conf. Grand Challenges in Modeling and Simulation } }
@String { gi            = {Proc. Graphics Interface} }
@String { gimm          = {Proc. Int. Wkshp. Global Integrated Model Management} }
@String { gpce          = {Proc. Int. Conf. Generative Programming and Component Engineering} }
@String { group         = {Proc. ACM SIGGROUP Int. Conf. Supporting Group Work} }
@String { hase          = {Proc. IEEE Int. High-Assurance Systems Engineering Symp.} }
@String { hicss         = {Proc. Hawaii Int. Conf. Systems Science} }
@String { hopl          = {Proc. ACM SIGPLAN Conf. History of Programming Languages} }
@String { hpcs          = {Proc. Int. Conf. High Performance Computing and Simulation} }
@String { ibmsj         = {IBM Systems J.} }
@String { iccbss        = {Proc. IEEE Int. Conf. Commercial-off-the-Shelf Based Software Systems} }
@String { iccd          = {Proc. IEEE Int. Conf. Computer Design} }
@String { iccit         = {Proc. IEEE Int. Conf. Computer and Information Technology} }
@String { iccsa         = {Proc. Int. Conf. Computational Science and Its Applications} }
@String { iccsse        = {Proc. Int. Conf. Computer Science and Software Engineering} }
@String { iceud         = {Proc. Int. Conf. End-User Development} }
@String { icfem         = {Proc. Int. Conf. Formal Engineering Methods} }
@String { icicic        = {Proc. Int. Conf. Innovative Computing, Information, and Control} }
@String { icml          = {Proc. Int. Conf. Machine Learning} }
@String { icoss         = {Proc. IFIP Int. Conf. Open Source Systems} }
@String { icpc          = {Proc. IEEE Int. Conf. Program Comprehenension} }
@String { icse          = {Proc. ACM/IEEE Int. Conf. Software Engineering} }
@String { icsecompanion = {Companion of the Int. Conf. Software Engineering} }
@String { icsm          = {Proc. IEEE Int. Conf. Software Maintenance} }
@String { icsq          = {Proc. Int. Conf. Software Quality} }
@String { icsr          = {Proc. Int. Conf. Software Reuse} }
@String { ictke         = {Proc. Int. Conf. ICT and Knowledge Engineering} }
@String { ictp          = {Proc. Int. Conf. Tests and Proofs} }
@String { ideal         = {Proc. Int. Conf. Intelligent Data Engineering and Automated Learning} }
@String { iea_aie       = {Proc. Int. Conf. Industrial, Engineering, and Other Applications of Applied Intelligent Systems} }
@String { ieee          = {Proc. IEEE} }
@String { ietsoft       = {IET Software} }
@String { ifip          = {IFIP Int. Federation for Information Processing} }
@String { ifipc         = {Proc. IFIP World Congress} }
@String { ijamt         = {Int. J. Advanced Manufacturing Technology} }
@String { ijase         = {Automated Software Engineering: An Int. J.} }
@String { ijis          = {Int. J. Information Security} }
@String { ijmms         = {Int. J. Man--Machine Studies} }
@String { ijrr          = {Int. J. Robotics Research} }
@String { infocon       = {Information and Control} }
@String { informatica   = {Informatica} }
@String { infosci       = {Information Sciences} }
@String { infosyst      = {Information Systems} }
@String { interact      = {Proc. IFIP TC13 Int. Conf. Human--Computer Interactaction} }
@String { ipdps         = {Proc. IEEE Int. Parallel and Distributed Processing Symp.} }
@String { ipl           = {Information Processing Letters} }
@String { ipm           = {Information Processing and Management} }
@String { iri           = {Proc. IEEE Int. Conf. Information Reuse and Integration} }
@String { isec          = {Proc. India Software Engineering Conf.} }
@String { isese         = {Proc. Int. Symp. Empirical Software Engineering} }
@String { iseud         = {Proc. Int. Symp. End-User Development} }
@String { isf           = {Information Systems Frontiers} }
@String { isoortdc      = {Proc. Int. Symp. Object-Oriented Real-Time Distributed Computing} }
@String { isr           = {Int. Statistical Review} }
@String { issre         = {Proc. Int. Symp. Software Reliability Engineering} }
@String { issta         = {Proc. ACM SIGSOFT Int. Symp. Software Testing and Analysis} }
@String { ist           = {Information and Software Technology} }
@String { itpro         = {IT Professional} }
@String { itwp          = {Rev. Selected Papers IJCAI Wkshp. Intelligent Techniques for Web Personalization} }
@String { iui           = {Proc. Int. Conf. Intelligence User Interfaces} }
@String { ivc           = {Image and Vision Computing} }
@String { iwcase        = {Proc. Int. Wkshp. Computer-Aided Software Engineering} }
@String { iwmcp         = {Proc. Int. Wkshp. Model Comparison in Practice} }
@String { iwpc          = {Proc. IEEE Int. Wkshp. Program Comprehenension} }
@String { iwpse         = {Proc. ACM Int. Wkshp. Principles of Software Evolution} }
@String { iwpse_evol    = {Proc. Joint ACM Int. Wkshp. Principles of Software Evolution and ERCIM Wkshp. Software Evolution} }
@String { iwsc          = {Proc. Int. Wkshp. Software Clones} }
@String { iwsr          = {Selected Papers of the Int. Wkshp. Software Reusability} }
@String { iwssd         = {Proc. Int. Wkshp. Software Specification and Design } }
@String { jacm          = {J. ACM} }
@String { jai           = {J. Applied Intelligence} }
@String { jasa          = {J. the American Statistical Association} }
@String { jasist        = {J. the American Society for Information Science and Technology} }
@String { jcd           = {J. Chronic Diseases} }
@String { jcmc          = {J. Computer-Mediated Communication} }
@String { jcs           = {J. Cell Science} }
@String { jcss          = {J. Computer and System Sciences} }
@String { jetai         = {J. Experimental and Theoretical Artificial Intelligence} }
@String { jilp          = {J. Instruction-Level Parallelism} }
@String { jips          = {J. Information Processing Systems} }
@String { jmir          = {J. Medical Internet Research} }
@String { joop          = {J. Object-Oriented Programming} }
@String { jrss          = {J. Royal Statistical Society} }
@String { jrssb         = {J. Royal Statistical Society Series B (Methodology)} }
@String { jru           = {J. Risk and Uncertainty} }
@String { jsea          = {J. Software Engineering and Applications} }
@String { jsmerp        = {J. Software Maintenance and Evolution: Research and Practice} }
@String { jsmrp         = {J. Software Maintenance: Research and Practice} }
@String { jsp           = {J. Statistical Physics} }
@String { jss           = {J. Systems and Software} }
@String { jsw           = {J. Software} }
@String { jvlc          = {J. Visual Languages and Computing} }
@String { kcsd          = {Proc. Int. Wkshp. Supporting Knowledge Collaboration in Software Development} }
@String { kdd           = {Proc. ACM SIGKDD Int. Conf. Knowledge Discovery and Data Mining} }
@String { ktp           = {Knowledge and Technology Policy} }
@String { lmo           = {Actes des journ{\'e}es Langages et Mod{\`e}les {\`a} Objets} }
@String { lncs          = {Lecture Notes in Computer Science} }
@String { loplas        = {ACM Letters in Programming Languages and Systems} }
@String { machintel     = {Machine Intelligence} }
@String { machlearn     = {Machine Learning} }
@String { macs          = {Proc. Wkshp. the Modelling and Analysis of Concerns in Software} }
@String { mansci        = {Management Science} }
@String { maple         = {Proc. Maple Conf.} }
@String { mdsoc         = {Proc. Wkshp. Multi-dimensional Separation of Concerns} }
@String { metrics       = {Proc. IEEE Int. Symp. Software Metrics} }
@String { misq          = {MIS Quarterly} }
@String { models        = {Proc. Int. Conf. Model-Driven Engineering of Languages and Systems} }
@String { msrw          = {Proc. Int. Wkshp. Mining Software Repositories} }
@String { msrwc         = {Proc. Int. Working Conf. Mining Software Repositories} }
@String { mt            = {Methods \& Tools} }
@String { nature        = {Nature} }
@String { netmath       = {Internet Mathematics} }
@String { oopsla        = {Proc. ACM SIGPLAN Conf. Object-Oriented Programming, Systems, Languages, and Applications} }
@String { oopslaadd     = {Addendum to the ACM SIGPLAN Conf. Object-Oriented Programming, Systems, Languages, and Applications} }
@String { oopslacomp    = {Companion to the ACM SIGPLAN Conf. Object-Oriented Programming, Systems, Languages, and Applications} }
@String { oorase        = {Proc. Wkshp. Object-Oriented Reflection and Software Engineering} }
@String { oose          = {Proc. Wkshp. Open Source Software Engineering} }
@String { or            = {Online Reviews} }
@String { ossd          = {Proc. Wkshp. Open Source Software Development} }
@String { ozchi         = {Proc. Australian Conf. Computer--Human Interaction} }
@String { paps          = {Proc. American Philosophical Society} }
@String { paste         = {Proc. ACM SIGPLAN--SIGSOFT Wkshp. Program Analysis and Software Tools Engineering} }
@String { patreclet     = {Pattern Recognition Letters} }
@String { patrecog      = {Pattern Recognition} }
@String { pcs           = {Programming and Computing Software} }
@String { pdcat         = {Proc. Int. Conf. Parallel and Distributed Computing, Applications, and Technologies} }
@String { pfe           = {Revised Papers of the Int. Wkshp. Software Product-Family Engineering} }
@String { philsci       = {Philosophy of Science} }
@String { physicaa      = {Physica A: Statistical Mechanics and Its Applications} }
@String { physreve      = {Physical Review E} }
@String { pldi          = {Proc. ACM SIGPLAN Conf. Programming Language Design and Implementation} }
@String { pmihas        = {Publication of the Mathematical Institute of the Hungarian Academy of Sciences} }
@String { pnas          = {Proc. National Academy of Sciences} }
@String { pods          = {Proc. ACM SIGMOD--SIGACT--SIGART Symp. Principles of Database Systems} }
@String { popl          = {Proc. ACM SIGPLAN Conf. Principles of Programming Languages} }
@String { ppcp          = {Proc. Int. Conf. Principles and Practice of Constraint Programming} }
@String { pppj          = {Proc. Int. Symp. Principles and Practice of Programming in Java} }
@String { prl           = {Physical Review Letters} }
@String { profes        = {Proc. Int. Conf. Product-Focused Software Process Improvement} }
@String { promise       = {Proc. Int. Wkshp. Predictor Models in Software Engineering} }
@String { pse           = {Proc. ACM Int. Wkshp. Principles of Software Evolution/ERCIM Wkshp. Software Evolution} }
@String { psi           = {Proc. Int. Conf. Perspectives of Systems Informatics} }
@String { ptdoosm       = {Proc. Wkshp. Pragmatic and Theoretical Directions in Object-Oriented Software Metrics} }
@String { ptrsl         = {Philosophical Trans. Royal Society of London, Series A} }
@String { qje           = {Quarterly J. Economics} }
@String { qosa          = {Proc. ACM SIGSOFT Int. Conf. Quality of Software Architectures} }
@String { qosa_isarcs   = {Proc. ACM SIGSOFT Conf. Quality of Software Architectures/Int. Symp. Architecing Critical Systems} }
@String { qq            = {Quallity \& Quantity} }
@String { qs            = {Qualitative Sociology} }
@String { queue         = {Queue} }
@String { raise         = {Proc. Int. Wkshp. Realizing Artificial Intelligence Synergies in Software Engineering} }
@String { rcis          = {Proc. Int. Conf. Research Challenges in Information Science} }
@String { re            = {Proc. IEEE Int. Requirements Engineering Conf.} }
@String { recsys        = {Proc. ACM Conf. Recommender Systems} }
@String { rmp           = {Reviews of Modern Physics} }
@String { rsse          = {Proc. Int. Wkshp. Recommendation Systems for Softare Engineering} }
@String { rta           = {Proc. Int. Conf. Rewriting Techniques and Applications} }
@String { rue           = {Proc. Wkshp. Recommendation Utility Evaluation} }
@String { sac           = {Proc. ACM SIGAPP Symp. Applied Computing} }
@String { sc            = {Proc. Int. Conf. Software Composition} }
@String { scam          = {Proc. IEEE Int. Wkshp. Source Code Analysis and Manipulation} }
@String { sci           = {Studies in Computational Intelligence} }
@String { science       = {Science} }
@String { scm           = {Proc. Int. Wkshp. Software Configuration Managment} }
@String { scp           = {Science of Computer Programming} }
@String { scs           = {Proc. Symp. Simulation of Computer Systems} }
@String { scsc          = {Proc. Summer Computer Simulation Conf.} }
@String { sde           = {Proc. ACM SIGSOFT/SIGPLAN Symp. Practical Software Development Environments} }
@String { seaa          = {Proc. EUROMICRO Conf. Software Engineering and Advanced Applications} }
@String { sej           = {Software Engineering J.} }
@String { seke          = {Proc. Int. Conf. Software Engineering and Knowledge Engineering} }
@String { sen           = {SIGSOFT Software Engineering Notes} }
@String { sess          = {Proc. IEEE Int. Conf. Software Engineering and Service Science} }
@String { shark         = {Proc. Int. Wkshp. Sharing and Reusing Architectural Knowledge} }
@String { siam          = {SIAM Review} }
@String { sigcse        = {Proc. ACM SIGCSE Technical Symp. Computer Science Education} }
@String { siggraphv     = {Visual Proc. ACM SIGGRAPH Int. Conf. Computer Graphics and Interactive Techniques} }
@String { sigir         = {Proc. ACM SIGIR Int. Conf. Research and Development in Information Retrieval} }
@String { sigkddex      = {SIGKDD Explorations} }
@String { sigmod        = {Proc. ACM SIGMOD Int. Conf. Management of Data} }
@String { simbad        = {Proc. Int. Conf. Similarity-Based Pattern Recognition} }
@String { simgam        = {Simulation \& Gaming} }
@String { simutools     = {Proc. ICST Int. Conf. Simulation Tools and Techniques} }
@String { skigraph      = {Proc. Western Computer Graphics Symp.} }
@String { snpd_sawn     = {Proc. Int. Conf. Software Engineering, Artificial Intelligence, Networks, and Parallel/Distributed Computing/ACIS Int. Wkshp. Self-Assembling Wireless Networks} }
@String { socnet        = {Social Networks} }
@String { softcomp      = {Soft Computing} }
@String { softviz       = {Proc. ACM Symp. Software Visualization} }
@String { software      = {IEEE Software} }
@String { sosp          = {Proc. ACM SIGOPS Symp. Operating Systems Principles} }
@String { sosym         = {Software and Systems Modeling} }
@String { sp            = {Proc. IEEE Symp. Security and Privacy} }
@String { spe           = {Software: Practice \& Experience} }
@String { spice         = {Proc. Int. Conf. Software Process Improvement and Capability Determination} }
@String { spin          = {Proc. Int. Conf. Model Checking Software} }
@String { splat         = {Proc. Wkshp. Software Engineering Principles of Languages for Aspect Technologies} }
@String { sqj           = {Software Quality J.} }
@String { ssr           = {Proc. ACM Symp. Software Reusability} }
@String { ssspr         = {Proc. Joint IAPR Int. Wkshp. Structural, Syntactic, and Statistical Pattern Recognition} }
@String { sste          = {Proc. IEEE Int. Conf. Software Science, Technology, and Engineering} }
@String { stc           = {Wkshp. Socio-technical Congruence} }
@String { step          = {Proc. IEEE Int. Wkshp. Software Technology and Practice} }
@String { stoc          = {Proc. ACM Symp. Theory of Computing} }
@String { sttt          = {Int. J. Software Tools for Technology Transfer} }
@String { stvv          = {Proc. Int. Conf. Software Testing, Verification, and Validation} }
@String { suite         = {Proc. Wkshp. Search-Driven Development: Users, Infrastructure, Tools, and Evaluation} }
@String { syrcose       = {Proc. Spring Young Researchers Colloquium on Software Engineering} }
@String { taicpart      = {Proc. Testing: Academic \& Industrial Conf.: Practice and Research Techniques} }
@String { tams          = {Trans. American Mathematical Society} }
@String { tkde          = {IEEE Trans. Knowledge and Data Engineering} }
@String { tnn           = {IEEE Trans. Neural Networks} }
@String { tochi         = {ACM Trans. Computer--Human Interaction} }
@String { tois          = {ACM Trans. Information Systems} }
@String { tools         = {Proc. Int. Conf. Technology of Object-Oriented Languages and Systems} }
@String { toplas        = {ACM Trans. Programming Languages and Systems} }
@String { tosem         = {ACM Trans. Software Engineering and Methodology} }
@String { tpami         = {IEEE Trans. Pattern Analysis and Machine Intelligence} }
@String { trse          = {Trans. Royal Society of Edinburgh} }
@String { tse           = {IEEE Trans. Software Engineering} }
@String { tvcg          = {IEEE Trans. Visualization and Computer Graphics} }
@String { uist          = {Proc. ACM Symp. User Interface Software and Technology} }
@String { um            = {Proc. Int. Conf. User Modeling} }
@String { umapw         = {Rev. Wkshp. Papers Int. Conf. Advances in User Modeling} }
@String { umuai         = {User Modeling and User-Adapted Interaction} }
@String { upgrade       = {CEPIS UPGRADE} }
@String { usenixatc     = {Proc. USENIX Annual Technical Conf.} }
@String { usenixcpp     = {Proc. USENIX C++ Technical Conf.} }
@String { usenixwtc     = {Proc. USENIX Winter Technical Conf.} }
@String { vissoft       = {Proc. IEEE Int. Wkshp. Visualizing Software for Understanding and Analysis} }
@String { vldbj         = {VLDB J.} }
@String { vlhcc         = {Proc. IEEE Symp. Visual Languages and Human-Centric Computing} }
@String { ware          = {Proc. Wkshp. Aspects of Reverse Engineering} }
@String { wcre          = {Proc. Working Conf. Reverse Engineering} }
@String { wcsa          = {Proc. IEEE/IFIP Working Conf. Software Architecture} }
@String { wetsom        = {Proc. Wkshp. Emerging Trends in Software Metrics} }
@String { wicsa         = {Proc. IEEE/IFIP Working Conf. Software Architecture} }
@String { wicsa_ecsa    = {Proc. IEEE/IFIP Working Conf. Software Architecture/European Conf. Sofware Architecture} }
@String { woda          = {Proc. Int. Wkshp. Dynamic Analysis} }
@String { wos           = {Proc. Wkshp. Open Source Software Engineering} }
@String { wrt           = {Proc. ACM Wkshp. Refactoring Tools} }
@String { wsc           = {Proc. Winter Simulation Conf.} }
@String { wse           = {Proc. IEEE Int. Symp. Web Systems Evolution} }
@String { www           = {Proc. Int. Conf. World Wide Web} }
@String { xp            = {Proc. Int. Conf. Agile Processes in Software Engineering and Extreme Programming} }

