@inproceedings{cottrell2007determining,
  title={Determining detailed structural correspondence for generalization tasks},
  author={Cottrell, Rylan and Chang, Joseph JC and Walker, Robert J and Denzinger, J{\"o}rg},
  booktitle={Proceedings of the the 6th joint meeting of the European software engineering conference and the ACM SIGSOFT symposium on The foundations of software engineering},
  pages={165--174},
  year={2007},
  organization={ACM}
}
@inproceedings{cottrell2008semi,
  title={Semi-automating small-scale source code reuse via structural correspondence},
  author={Cottrell, Rylan and Walker, Robert J and Denzinger, J{\"o}rg},
  booktitle={Proceedings of the 16th ACM SIGSOFT International Symposium on Foundations of software engineering},
  pages={214--225},
  year={2008},
  organization={ACM}
}


@article{schmidt2010restricted,
  title={Restricted higher-order anti-unification for heuristic-driven theory projection},
  author={Schmidt, Martin},
  journal={Publications of the Institute of Cognitive Science},
  volume={31},
  year={2010}
}

@article{cossette2014using,
  title={Using Structural Generalization to Discover Replacement Functionality for API Evolution},
  author={Cossette, Bradley and Walker, Robert and Cottrell, Rylan},
  year={2014},
  publisher={University of Calgary}
}


@inproceedings{bulychev2009evaluation,
  title={An evaluation of duplicate code detection using anti-unification},
  author={Bulychev, Peter and Minea, Marius},
  booktitle={Proc. 3rd International Workshop on Software Clones},
  year={2009},
  organization={Citeseer}
}

@inproceedings{cottrell2009compare,
  title={Compare and contrast: Visual exploration of source code examples},
  author={Cottrell, Rylan and Goyette, Brina and Holmes, Reid and Walker, Robert J and Denzinger, Jorg},
  booktitle={Visualizing Software for Understanding and Analysis, 2009. VISSOFT 2009. 5th IEEE International Workshop on},
  pages={29--32},
  year={2009},
  organization={IEEE}
}


@article{jacobsen1991unification,
  title={Unification and anti-unification},
  author={Jacobsen, Erik},
  year={1991}
}

@inproceedings{yuan2012characterizing,
  title={Characterizing logging practices in open-source software},
  author={Yuan, Ding and Park, Soyeon and Zhou, Yuanyuan},
  booktitle={Proceedings of the 34th International Conference on Software Engineering},
  pages={102--112},
  year={2012},
  organization={IEEE Press}
}

@article{yuan2012improving,
  title={Improving software diagnosability via log enhancement},
  author={Yuan, Ding and Zheng, Jing and Park, Soyeon and Zhou, Yuanyuan and Savage, Stefan},
  journal={ACM Transactions on Computer Systems (TOCS)},
  volume={30},
  number={1},
  pages={4},
  year={2012},
  publisher={ACM}
}


@inproceedings{yuan2010sherlog,
  title={SherLog: error diagnosis by connecting clues from run-time logs},
  author={Yuan, Ding and Mai, Haohui and Xiong, Weiwei and Tan, Lin and Zhou, Yuanyuan and Pasupathy, Shankar},
  booktitle={ACM SIGARCH computer architecture news},
  volume={38},
  number={1},
  pages={143--154},
  year={2010},
  organization={ACM}
}

@inproceedings{yuan2012conservative,
  title={Be conservative: enhancing failure diagnosis with proactive logging},
  author={Yuan, Ding and Park, Soyeon and Huang, Peng and Liu, Yang and Lee, Michael M and Tang, Xiaoming and Zhou, Yuanyuan and Savage, Stefan},
  booktitle={Presented as part of the 10th USENIX Symposium on Operating Systems Design and Implementation (OSDI 12)},
  pages={293--306},
  year={2012}
}

@article{gupta2005pro,
  title={Pro Apache Log4j: Java application logging using the open source Apache Log4j API},
  author={Gupta, Samudra},
  journal={Apress{\textregistered}, USA},
  year={2005}
}

@inproceedings{fu2013contextual,
  title={Contextual analysis of program logs for understanding system behaviors},
  author={Fu, Qiang and Lou, Jian-Guang and Lin, Qingwei and Ding, Rui and Zhang, Dongmei and Xie, Tao},
  booktitle={Proceedings of the 10th Working Conference on Mining Software Repositories},
  pages={397--400},
  year={2013},
  organization={IEEE Press}
}

@inproceedings{lou2010mining,
  title={Mining Invariants from Console Logs for System Problem Detection.},
  author={Lou, Jian-Guang and Fu, Qiang and Yang, Shengqi and Xu, Ye and Li, Jiang},
  booktitle={USENIX Annual Technical Conference},
  year={2010}
}

@inproceedings{nagaraj2012structured,
  title={Structured comparative analysis of systems logs to diagnose performance problems},
  author={Nagaraj, Karthik and Killian, Charles and Neville, Jennifer},
  booktitle={Presented as part of the 9th USENIX Symposium on Networked Systems Design and Implementation (NSDI 12)},
  pages={353--366},
  year={2012}
}
@inproceedings{fu2009execution,
  title={Execution Anomaly Detection in Distributed Systems through Unstructured Log Analysis.},
  author={Fu, Qiang and Lou, Jian-Guang and Wang, Yi and Li, Jiang},
  booktitle={ICDM},
  volume={9},
  pages={149--158},
  year={2009}
}

@inproceedings{clarke1999dimension,
  title={The dimension of separating requirements concerns for the duration of the development lifecycle},
  author={Clarke, Siobh{\'a}n and Harrison, William and Ossher, Harold and Tarr, Peri},
  booktitle={First Workshop on Multi-Dimensional Separation of Concerns in Object-oriented Systems (at OOPSLA)},
  year={1999},
}

@article{clarke1999subject,
  title={Subject-oriented design: towards improved alignment of requirements, design, and code},
  author={Clarke, Siobh{\'a}n and Harrison, William and Ossher, Harold and Tarr, Peri},
  journal={ACM SIGPLAN Notices},
  volume={34},
  number={10},
  pages={325--339},
  year={1999},
}